last,lastSz,ts,askPx,askSz,bidPx,bidSz
30588.3,0.000444,1688330357311,30588.3,0.02751458,30588.2,4.55253606
30588.2,0.00457704,1688330361687,30588.3,0.02751458,30588.2,4.54795902
30588.2,0.00457704,1688330361787,30588.3,0.02751458,30588.2,4.54795902
30588.2,0.00457704,1688330361888,30588.3,0.02751458,30588.2,4.52531794
30588.2,0.00457704,1688330363267,30588.3,0.16367458,30588.2,2.2831029
30588.2,0.00457704,1688330363611,30588.3,0.16367458,30588.2,2.4155009
30588.2,0.00457704,1688330363766,30588.3,0.16367458,30588.2,2.71305625
30588.2,0.00457704,1688330363867,30588.3,0.16367458,30588.2,3.03558017
30588.2,0.00163241,1688330364513,30588.3,0.16367458,30588.2,3.03557222
30588.2,0.00163241,1688330364869,30588.3,0.02751458,30588.2,3.03557222
30588.2,0.00163241,1688330364970,30588.3,0.02751458,30588.2,3.0582133
30588.2,0.00307007,1688330365071,30588.3,0.02751458,30588.2,3.05514323
30588.2,0.0032646,1688330367515,30588.3,0.02751458,30588.2,2.43179936
30588.2,0.0032646,1688330367669,30588.3,0.02751458,30588.2,1.99940136
30588.2,0.0032646,1688330367783,30588.3,0.09221458,30588.2,1.18547136
30588.2,0.0032646,1688330368106,30588.3,0.30641682,30588.2,0.40285398
30588.2,0.0032646,1688330368311,30588.3,0.30641682,30588.2,0.40185398
30588.2,0.0032646,1688330369111,30588.3,0.70076682,30588.2,0.40185398
30588.2,0.0032646,1688330369212,30588.3,3.15595165,30588.2,0.02346398
30588.2,0.00000398,1688330369321,30585.1,2.98485408,30585,0.0000353
30581.3,0.00940135,1688330369421,30585.1,3.87314115,30581.3,0.05436318
30581.3,0.00940135,1688330369523,30579.2,0.76253549,30579.1,0.3005
30581.3,0.00940135,1688330369792,30579.2,0.83706549,30579.1,0.3015
30579.1,0.00208677,1688330369895,30579.2,0.32068549,30579.1,0.43507323
30579.1,0.00208677,1688330370006,30579.2,0.21082,30579.1,1.60145323
30579.1,0.00208677,1688330370111,30579.2,0.19791,30579.1,1.76538323
30579.1,0.00208677,1688330370326,30579.2,0.22994,30579.1,1.00050407
30579.1,0.00208677,1688330370482,30579.2,0.22994,30579.1,1.02550407
30579.1,0.00208677,1688330370693,30579.2,0.254992,30579.1,1.02550407
30579.1,0.00208677,1688330370796,30579.2,0.254992,30579.1,1.72455494
30579.1,0.00208677,1688330371111,30579.2,0.222962,30579.1,0.88219323
30579.1,0.00208677,1688330371217,30579.2,0.222962,30579.1,0.88119323
30579.1,0.00208677,1688330371331,30579.2,0.222962,30579.1,1.53119323
30579.1,0.00208677,1688330371432,30579.2,0.2297342,30579.1,1.53119323
30579.2,0.00326378,1688330371686,30579.2,0.22647042,30579.1,1.78938323
30579.2,0.00326378,1688330371798,30579.2,0.22647042,30579.1,1.78938323
30579.2,0.00326378,1688330371903,30579.2,0.21969822,30579.1,1.78938323
30579.2,0.00326378,1688330372111,30579.2,0.21969822,30579.1,2.01734301
30579.2,0.00326378,1688330373026,30579.2,0.24841822,30579.1,1.85341301
30579.2,0.00326378,1688330373141,30579.2,0.21969822,30579.1,2.01734301
30579.2,0.00326378,1688330376411,30579.2,0.21969822,30579.1,1.36734301
30579.2,0.00326378,1688330376517,30579.2,0.21969822,30579.1,2.01734301
30579.1,0.00457705,1688330377722,30579.2,0.22879822,30579.1,2.01276596
30579.1,0.00457705,1688330379011,30579.2,0.21969822,30579.1,2.01276596
30579.1,0.00457705,1688330379606,30579.2,0.22879822,30579.1,2.01276596
30579.1,0.0509189,1688330379711,30579.2,0.22879822,30579.1,1.96184706
30579.1,0.0509189,1688330380171,30579.2,0.21969822,30579.1,1.96184706
30579.1,0.00457788,1688330380638,30579.2,0.21969822,30579.1,1.95726918
30579.1,0.00457788,1688330380766,30579.2,0.21969822,30579.1,1.95726918
30579.1,0.00457788,1688330382206,30579.2,0.21969822,30579.1,2.07038405
30579.1,0.00457788,1688330383611,30579.2,0.15807822,30579.1,2.07038405
30579.1,0.0016335,1688330383712,30579.2,0.15807822,30579.1,2.06711724
30579.1,0.0016335,1688330385007,30579.2,0.025052,30579.1,2.06711724
30579.1,0.0016335,1688330386007,30579.2,0.092952,30579.1,2.06711724
30579.1,0.0016335,1688330386111,30579.2,0.025052,30579.1,2.06711724
30579.1,0.0016335,1688330386212,30579.2,0.092952,30579.1,2.06711724
30579.1,0.0007565,1688330386684,30579.2,0.092952,30579.1,2.06560461
30579.1,0.0007565,1688330386803,30579.2,0.092952,30579.1,2.06560461
30579.1,0.0007565,1688330387806,30579.2,0.025052,30579.1,2.06560461
30579.1,0.0007565,1688330388277,30579.2,0.094452,30579.1,2.06560461
30579.1,0.00016335,1688330389712,30579.2,0.094452,30579.1,2.06544126
30579.1,0.00016335,1688330390688,30579.2,0.025052,30579.1,2.06544126
30579.1,0.00016335,1688330391007,30579.2,0.230942,30579.1,2.06544126
30579.1,0.00016335,1688330391108,30579.2,0.161342,30579.1,2.06544126
30579.1,0.0044137,1688330392705,30579.2,0.161342,30579.1,2.06102756
30579.2,0.00206182,1688330392806,30579.2,0.15928018,30579.1,2.06102756
30579.2,0.00206182,1688330392911,30579.2,0.15928018,30579.1,2.06102756
30579.2,0.00206182,1688330393711,30579.2,0.02299018,30579.1,2.06102756
30579.2,0.00206182,1688330393988,30579.2,0.02299018,30579.1,2.21393404
30579.2,0.00206182,1688330394204,30579.2,0.02299018,30579.1,2.21493404
30579.2,0.00206182,1688330394306,30579.2,0.02299018,30579.1,2.13879125
30579.1,0.0017,1688330395351,30579.2,0.02299018,30579.1,2.13709125
30579.1,0.0017,1688330395453,30579.2,0.02299018,30579.1,2.13709125
30579.1,0.00015,1688330396111,30579.2,0.02299018,30579.1,2.13694125
30579.1,0.00457873,1688330398655,30579.2,0.02299018,30579.1,2.13236252
30579.1,0.00457873,1688330398806,30579.2,0.02299018,30579.1,2.13236252
30579.1,0.00015,1688330399215,30579.2,0.02299018,30579.1,2.13221252
30579.1,0.00015,1688330400014,30579.2,0.02299018,30579.1,2.13221252
30579.2,0.02299018,1688330401336,30583,0.01210875,30579.1,2.13221252
30579.2,0.02299018,1688330401468,30583,0.0805,30582.9,1.25264
30582.9,0.00353925,1688330401711,30583,0.0805,30582.9,1.2445237
30582.9,0.00353925,1688330401830,30583,0.0805,30582.9,1.2455237
30582.9,0.00353925,1688330401956,30583,0.0805,30582.9,1.2536337
30582.9,0.00353925,1688330402170,30583,0.21679,30582.9,1.2536337
30582.9,0.00033,1688330402473,30583,0.21580907,30582.9,1.2533037
30582.9,0.00033,1688330402611,30583,0.21580907,30582.9,1.2533037
30582.9,0.00033,1688330403205,30583,0.21580907,30582.9,1.9033037
30582.9,0.00033,1688330403306,30583,0.21589,30582.9,1.9033037
30582.9,0.002,1688330403550,30583,0.21589,30582.9,1.9013037
30582.9,0.002,1688330403676,30583,0.21589,30582.9,1.9013037
30582.9,0.002,1688330403878,30583,0.21589,30582.9,1.2513037
30582.9,0.002,1688330404205,30583,0.21589,30582.9,1.9013037
30582.9,0.002,1688330404306,30583,0.21589,30582.9,1.2513037
30582.9,0.00021585,1688330404766,30583,0.21589,30582.9,1.24476853
30582.9,0.00021585,1688330404883,30583,0.21589,30582.9,1.25363853
30582.9,0.00021585,1688330407311,30583,0.13629,30582.9,3.31325853
30582.9,0.00021585,1688330407412,30583,0.21589,30582.9,3.31325853
30582.9,0.00021585,1688330407567,30583,0.0796,30582.9,3.31325853
30582.9,0.00016142,1688330407675,30583,0.0796,30582.9,3.31309711
30582.9,0.00380966,1688330407784,30583,0.0796,30582.9,3.31325745
30582.9,0.00021588,1688330410119,30583,0.0796,30582.9,3.31304157
30582.9,0.00021588,1688330410478,30583.3,0.14122,30583.2,2.15034817
30582.9,0.00021588,1688330411113,30583.3,0.14122,30583.2,1.87522
30582.9,0.00021588,1688330411267,30583.3,0.14122,30583.2,1.22522
30582.9,0.00021588,1688330411812,30583.3,0.14122,30583.2,1.87522
30582.9,0.00021588,1688330412384,30583.3,0.06162,30583.2,1.87522
30582.9,0.00021588,1688330412706,30583.3,0.14122,30583.2,1.87522
30583.2,0.00361432,1688330412806,30583.3,0.14122,30583.2,1.87160568
30583.2,0.00361432,1688330412911,30583.3,0.14122,30583.2,1.87160568
30583.2,0.00163301,1688330413120,30583.3,0.14122,30583.2,1.86997267
30583.2,0.00163301,1688330415105,30583.3,0.0796,30583.2,1.21997267
30583.3,0.00103994,1688330415311,30583.3,0.07856006,30583.2,1.21997267
30583.2,0.0128127,1688330415415,30583.3,0.07856006,30583.2,1.20715997
30583.2,0.0128127,1688330415529,30583.3,0.07856006,30583.2,1.85715997
30583.2,0.00288638,1688330416100,30583.3,0.07856006,30583.2,1.85427359
30583.2,0.00163301,1688330416201,30583.3,0.07856006,30583.2,1.85264058
30583.2,0.00163301,1688330417612,30583.3,0.07856006,30583.2,1.94266165
30583.2,0.00163301,1688330418512,30583.3,0.07856006,30583.2,1.29266165
30583.2,0.00163331,1688330419205,30583.3,0.07856006,30583.2,1.29102834
30583.2,0.00163331,1688330419837,30583.3,0.07856006,30583.2,1.94102834
30583.2,0.00163331,1688330422662,30583.7,0.0819,30583.6,1.22522
30583.6,0.00004134,1688330422906,30583.7,0.0819,30583.6,1.22517866
30583.6,0.00004134,1688330423573,30583.7,0.0819,30583.6,1.06124866
30583.6,0.00004134,1688330423911,30583.7,0.0819,30583.6,1.22517866
30583.6,0.00004134,1688330424458,30583.7,0.10282,30583.6,1.06124866
30583.6,0.00004134,1688330425111,30583.7,0.0819,30583.6,1.06124866
30583.6,0.00004134,1688330425572,30583.7,0.0819,30583.6,1.87517866
30583.6,0.00004134,1688330426706,30583.7,0.0786,30583.6,1.87517866
30583.6,0.00004134,1688330427584,30583.7,0.0786,30583.6,1.06124866
30583.6,0.00004134,1688330428012,30583.7,0.0786,30583.6,1.22727091
30583.6,0.00004134,1688330428266,30583.7,0.27959,30583.6,0.57442225
30583.6,0.00004134,1688330428687,30583.7,0.27959,30583.6,0.71071225
30583.6,0.00261473,1688330428788,30583.7,0.27959,30583.6,0.70809752
30583.6,0.00261473,1688330428889,30583.7,0.27959,30583.6,0.70809752
30583.6,0.00261473,1688330429222,30583.7,0.21489,30583.6,0.70809752
30583.6,0.00261473,1688330429344,30583.7,0.21489,30583.6,1.38840752
30583.6,0.00261473,1688330429466,30583.7,0.21489,30583.6,2.03840752
30583.6,0.00261473,1688330429791,30583.7,0.21489,30583.6,1.38840752
30583.6,0.00261473,1688330431603,30583.7,0.21489,30583.6,2.03840752
30583.6,0.00261473,1688330431911,30583.7,0.26157,30583.6,0.70809752
30583.6,0.00261473,1688330432167,30583.7,0.21489,30583.6,0.70809752
30585.5,0.58789284,1688330432292,30585.5,0.01210716,30583.6,0.70809752
30585.5,0.58789284,1688330432402,30585.4,0.04086549,30585.3,1.06129
30585.5,0.58789284,1688330432711,30585.4,0.42851549,30585.3,0.84491
30585.5,0.58789284,1688330436522,30585.4,0.47976,30585.3,2.30884
30585.3,0.00381036,1688330436622,30585.4,0.47976,30585.3,2.30502964
30585.3,0.00381036,1688330436825,30585.4,0.47976,30585.3,1.65502964
30585.3,0.00381036,1688330436976,30585.4,0.47976,30585.3,1.00502964
30585.3,0.00325614,1688330437422,30585.4,0.47976,30585.3,1.0017735
30585.3,0.00325614,1688330438411,30585.4,0.47976,30585.3,2.8181535
30585.4,0.00080103,1688330438627,30585.4,0.47895897,30585.3,1.5181535
30585.4,0.00080103,1688330438733,30585.4,0.47895897,30585.3,2.8181535
30585.4,0.00080103,1688330438985,30585.4,0.47895897,30585.3,2.5599635
30585.4,0.00080103,1688330439789,30585.4,0.47895897,30585.3,2.3017735
30585.4,0.00080103,1688330441038,30585.4,0.54057897,30585.3,1.6517735
30585.4,0.00080103,1688330441144,30585.4,0.54057897,30585.3,1.0017735
30585.4,0.00080103,1688330441396,30585.4,0.54057897,30585.3,2.3017735
30585.4,0.00080103,1688330441608,30585.4,0.54057897,30585.3,2.8181535
30585.4,0.02267094,1688330441712,30585.4,0.51790803,30585.3,2.8191535
30585.4,0.09003323,1688330442250,30585.4,0.4278748,30585.3,2.8191535
30585.4,0.09003323,1688330443404,30585.4,0.4278748,30585.3,2.5609635
30585.3,0.00457212,1688330443935,30585.4,0.4278748,30585.3,2.29820138
30585.3,0.00457212,1688330444052,30585.4,0.4278748,30585.3,2.29820138
30585.3,0.00457212,1688330444254,30585.4,0.4278748,30585.3,0.99820138
30585.3,0.00457212,1688330444356,30585.4,0.4278748,30585.3,2.29820138
30585.3,0.00457212,1688330445458,30585.4,0.4278748,30585.3,2.55639138
30585.3,0.00457212,1688330445806,30585.4,0.19778,30585.3,2.81458138
30585.3,0.00457212,1688330446261,30585.4,0.19778,30585.3,2.55639138
30585.3,0.00539848,1688330446819,30585.4,0.19778,30585.3,2.5509929
30585.3,0.00539848,1688330448112,30585.4,0.19778,30585.3,2.2928029
30585.3,0.00539848,1688330449366,30585.4,0.19778,30585.3,0.9928029
30585.3,0.00539848,1688330450166,30585.4,0.19778,30585.3,1.6428029
30585.3,0.00539848,1688330450279,30585.4,0.19778,30585.3,2.2928029
30585.3,0.00539848,1688330450691,30585.4,0.19778,30585.3,0.9928029
30585.3,0.00539848,1688330451111,30585.4,0.19778,30585.3,2.2928029
30585.3,0.00539848,1688330451366,30585.4,0.71416,30585.3,0.9928029
30585.3,0.00539848,1688330451911,30585.4,0.27878,30585.3,0.8288729
30585.3,0.00539848,1688330452605,30585.4,0.27878,30585.3,0.9928029
30585.3,0.002722,1688330454411,30585.4,0.27878,30585.3,0.9900809
30585.3,0.0017,1688330455513,30585.4,0.27878,30585.3,0.9883809
30585.3,0.00225596,1688330455667,30585.4,0.27878,30585.3,0.98612494
30585.3,0.00225596,1688330456209,30585.4,0.3502522,30585.3,0.82219494
30585.3,0.00225596,1688330456311,30585.4,0.2855522,30585.3,0.98612494
30585.4,0.00428308,1688330456412,30585.4,0.19202265,30585.3,2.80250494
30585.4,0.00874582,1688330456513,30585.4,0.15630611,30585.3,2.80250494
30585.4,0.00081829,1688330456667,30585.4,0.15548782,30585.3,2.80250494
30585.4,0.00081829,1688330456775,30585.4,0.15548782,30585.3,2.80415526
30585.4,0.00081829,1688330456879,30585.4,0.15816056,30585.3,2.82915526
30585.4,0.00081829,1688330457106,30585.4,0.1608333,30585.3,2.80415526
30585.4,0.00020545,1688330457207,30585.4,0.16062785,30585.3,3.21868062
30585.4,0.00020545,1688330457411,30585.4,0.10259489,30585.3,3.2170303
30585.4,0.00020545,1688330457512,30585.4,0.04167252,30585.3,3.2170303
30585.3,0.00457704,1688330457616,30585.4,0.04167252,30585.3,3.21245326
30585.3,0.00457704,1688330460083,30585.4,0.04167252,30585.3,3.21245326
30585.3,0.00457704,1688330460412,30585.4,0.04167252,30585.3,3.21145326
30585.4,0.00098086,1688330462100,30585.4,0.04069166,30585.3,3.21145326
30585.4,0.00098086,1688330462206,30585.4,0.04069166,30585.3,3.21145326
30585.3,0.002,1688330463742,30585.4,0.04069166,30585.3,3.20945326
30585.3,0.002,1688330463897,30585.4,0.04069166,30585.3,3.20945326
30585.4,0.00093619,1688330464212,30585.4,0.00799633,30585.3,3.20945326
30585.4,0.00093619,1688330470905,30585.4,0.01476853,30585.3,3.20945326
30585.4,0.00093619,1688330471007,30585.4,0.00799633,30585.3,3.20945326
30585.4,0.00093619,1688330471806,30585.4,0.00799633,30585.3,3.20945326
30585.4,0.00093619,1688330472507,30585.4,0.00799633,30585.3,3.20945326
30585.4,0.00259071,1688330477899,30585.4,0.00099633,30585.3,3.20945326
30585.4,0.00259071,1688330478000,30585.4,0.00099633,30585.3,3.20945326
30585.4,0.00259071,1688330478102,30587.8,0.06162,30587.7,0.27233
30585.4,0.00259071,1688330478205,30587.8,0.06162,30587.7,1.38626
30587.7,0.0019,1688330478412,30587.8,0.06162,30587.7,1.38436
30587.7,0.0019,1688330479004,30587.8,0.06261633,30587.7,1.38436
30587.7,0.0019,1688330482122,30587.8,0.06261633,30587.7,1.90074
30587.7,0.0019,1688330486243,30587.8,0.06261633,30587.7,1.94979086
30587.7,0.0019,1688330487112,30587.8,0.06261633,30587.7,2.20801164
30587.7,0.0019,1688330489008,30587.8,0.06261633,30587.7,1.29979086
30587.7,0.0019,1688330489911,30587.8,0.09871633,30587.7,0.78681
30587.7,0.0019,1688330490013,30587.8,0.09871633,30587.7,0.6837
30587.7,0.0019,1688330492174,30587.8,0.09871633,30587.7,0.68579197
30587.7,0.0019,1688330492580,30587.8,0.06261633,30587.7,1.36610197
30587.7,0.0019,1688330494274,30587.8,0.06261633,30587.7,2.01610197
30587.7,0.0019,1688330495112,30587.8,0.06261633,30587.7,1.36610197
30587.7,0.0019,1688330495592,30587.8,0.06261633,30587.7,2.01610197
30587.7,0.0019,1688330496606,30587.8,0.06261633,30587.7,1.36610197
30587.7,0.0019,1688330497201,30587.8,0.06261633,30587.7,2.01610197
30587.7,0.0019,1688330497566,30587.8,0.06261633,30587.7,1.36610197
30587.7,0.0019,1688330497806,30587.8,0.64534665,30587.7,0.68579197
30587.7,0.0019,1688330498111,30587.8,0.64534665,30587.7,0.38579197
30587.7,0.0019,1688330498493,30587.8,0.12896665,30587.7,0.68579197
30587.7,0.0019,1688330498606,30587.8,0.12896665,30587.7,0.38579197
30587.7,0.0019,1688330498708,30587.8,0.12896665,30587.7,0.68579197
30587.7,0.0019,1688330499095,30587.8,0.06426665,30587.7,0.84972197
30587.7,0.0019,1688330500100,30587.8,0.06426665,30587.7,0.84763
30587.7,0.03602045,1688330501625,30587.8,0.06426665,30587.7,0.81160955
30587.7,0.03602045,1688330502211,30587.8,0.06426665,30587.7,0.64767955
30587.7,0.03602045,1688330502429,30587.8,0.06426665,30587.7,0.81160955
30587.7,0.03602045,1688330503106,30587.8,0.06426665,30587.7,0.64767955
30587.7,0.03602045,1688330503506,30587.8,0.06426665,30587.7,0.81160955
30587.7,0.03602045,1688330504706,30587.8,0.06426665,30587.7,3.01875955
30587.7,0.001148,1688330504811,30587.8,0.00099633,30587.7,5.26819882
30587.7,0.001148,1688330504912,30587.8,0.00099633,30587.7,3.22734957
30587.7,0.001148,1688330505013,30587.8,0.00099633,30587.7,3.26834957
30587.7,0.001148,1688330505506,30587.8,0.00099633,30587.7,3.31740039
30587.8,0.00010134,1688330505993,30587.8,0.00089499,30587.7,3.31740039
30587.8,0.00010134,1688330507312,30587.8,0.00089499,30587.7,3.31949236
30587.8,0.00010134,1688330507453,30587.8,0.00089499,30587.7,3.47167699
30587.8,0.00010134,1688330507600,30587.8,0.00089499,30587.7,3.63036869
30587.8,0.00010134,1688330508797,30587.8,0.00089499,30587.7,3.63046867
30587.8,0.00010134,1688330510006,30587.8,0.00089499,30587.7,3.8886595
30587.8,0.00010134,1688330510111,30587.8,0.00089499,30587.7,3.88656753
30587.8,0.00010134,1688330510267,30587.8,0.00089499,30587.7,3.88654753
30587.8,0.00010134,1688330511007,30587.8,0.00089499,30587.7,3.6283767
30587.8,0.00010134,1688330511511,30587.8,0.00089499,30587.7,3.5667567
30587.7,0.0017,1688330515369,30587.8,0.00089499,30587.7,3.5650567
30587.7,0.0017,1688330515496,30587.8,0.00089499,30587.7,3.5650567
30587.8,0.00089499,1688330515606,30587.9,0.00144782,30587.7,3.5650567
30587.8,0.00089499,1688330515711,30587.9,0.00002125,30587.8,8.69103872
30587.8,0.00089499,1688330516067,30587.9,0.00002125,30587.8,8.73203872
30587.8,0.00080424,1688330516276,30587.9,0.00002125,30587.8,8.73123448
30587.8,0.00080424,1688330516381,30587.9,0.00002125,30587.8,8.73123448
30588.7,0.00092373,1688330516811,30588.7,0.02599063,30588.6,1.93141
30588.7,0.00092373,1688330516911,30588.7,0.02599063,30588.6,1.93306032
30588.7,0.00092373,1688330519612,30588.7,0.02599063,30588.6,3.68494026
30588.7,0.00092373,1688330520107,30588.7,0.02599063,30588.6,3.68494026
30588.7,0.00092373,1688330520321,30588.7,0.02599063,30588.6,3.68994026
30588.7,0.00092373,1688330520466,30588.7,0.02699063,30588.6,3.68994026
30588.7,0.00092373,1688330520590,30588.7,0.02799063,30588.6,3.68994026
30588.7,0.00098075,1688330521795,30588.7,0.02700988,30588.6,3.68994026
30588.7,0.00098075,1688330521896,30588.7,0.02700988,30588.6,3.68994026
30588.7,0.00098075,1688330523606,30588.7,0.02700988,30588.6,3.66494026
30588.6,0.002,1688330523710,30588.7,0.02700988,30588.6,3.66294026
30588.6,0.002,1688330523811,30588.7,0.02700988,30588.6,3.68794026
30588.6,0.01999606,1688330529746,30588.7,0.02700988,30588.6,3.6679442
30588.6,0.01999606,1688330529901,30588.7,0.02700988,30588.6,3.6679442
30588.6,0.01999606,1688330531612,30588.7,0.02700988,30588.6,3.70491625
30588.6,0.01999606,1688330533249,30588.7,0.02700988,30588.6,2.97589444
30588.6,0.01999606,1688330538811,30588.7,0.02700988,30588.6,2.9478905
30588.6,0.01999606,1688330540482,30588.7,0.02700988,30588.6,3.17591217
30588.6,0.01999606,1688330541605,30588.7,0.02700988,30588.6,3.1389401
30588.7,0.00877552,1688330544211,30588.7,0.00700988,30588.6,3.1389401
30588.7,0.00877552,1688330545243,30588.7,0.00700988,30588.6,3.18799089
30588.7,0.00877552,1688330547180,30588.7,0.00700988,30588.6,3.16299089
30588.7,0.00877552,1688330547511,30588.7,0.00700988,30588.6,3.18799089
30588.6,0.05,1688330550805,30588.7,0.00700988,30588.6,3.0889401
30588.6,0.00182904,1688330554406,30588.7,0.00700988,30588.6,3.08711106
30588.6,0.00182904,1688330555007,30588.7,0.00700988,30588.6,3.06211106
30588.6,0.00182904,1688330555266,30588.7,0.00700988,30588.6,3.08711106
30588.6,0.00182904,1688330556867,30588.7,0.00700988,30588.6,3.06211106
30588.6,0.00182904,1688330557008,30588.7,0.00700988,30588.6,3.08711106
30588.6,0.00006664,1688330558006,30588.7,0.00700988,30588.6,3.08704442
30588.6,0.00006664,1688330558111,30588.7,0.00700988,30588.6,3.08704442
30588.6,0.00006664,1688330559168,30588.7,0.00700988,30588.6,3.67436608
30588.6,0.00006664,1688330561467,30588.7,0.00700988,30588.6,3.83776608
30588.6,0.00006664,1688330566106,30588.7,0.60912988,30588.6,0.73393078
30588.6,0.00006664,1688330566207,30588.7,0.88361212,30588.6,0.66291078
30588.6,0.00006664,1688330566308,30588.7,1.14180212,30588.6,0.36291078
30588.6,0.00006664,1688330566511,30588.7,2.94596217,30588.6,0.17201086
30588.6,0.00006664,1688330566906,30588.7,1.85342212,30588.6,0.47161813
30588.6,0.00006664,1688330567007,30588.7,1.20342212,30588.6,0.47161813
30588.6,0.00006664,1688330567906,30588.7,1.20342212,30588.6,0.17161813
30588.6,0.00006664,1688330568473,30588.7,1.20342212,30588.6,0.47161813
30588.6,0.00324414,1688330569183,30588.7,1.20342212,30588.6,0.46695586
30588.6,0.00324414,1688330569306,30588.7,1.20342212,30588.6,0.46695586
30588.6,0.00324414,1688330569749,30588.7,1.20342212,30588.6,0.16695586
30588.6,0.00324414,1688330570506,30588.7,1.20342212,30588.6,0.46734859
30588.6,0.00324414,1688330570887,30588.7,1.20342212,30588.6,0.16734859
30588.6,0.00324414,1688330571106,30588.7,1.20342212,30588.6,0.67646859
30588.6,0.00324414,1688330571690,30588.7,1.20342212,30588.6,0.37646859
30588.6,0.00324414,1688330571797,30588.7,1.20342212,30588.6,0.16734859
30588.7,0.00180021,1688330572007,30588.7,0.31664191,30588.6,0.46734859
30588.7,0.00180021,1688330572111,30588.7,0.31664191,30588.6,0.46734859
30588.7,0.00180021,1688330573311,30588.7,0.31664191,30588.6,0.46695586
30588.7,0.00180021,1688330574305,30588.7,0.39014191,30588.6,0.16695586
30588.6,0.00094414,1688330575509,30588.7,0.39014191,30588.6,0.16525586
30588.6,0.00094414,1688330576112,30588.7,0.39014191,30588.6,0.16564859
30588.6,0.00094414,1688330577412,30588.7,0.39014191,30588.6,0.16525586
30588.6,0.00094414,1688330577706,30588.7,1.48373491,30588.6,0.16525586
30588.6,0.00094414,1688330577967,30588.7,0.39014191,30588.6,0.16525586
30588.6,0.00094414,1688330579212,30588.7,0.39014191,30588.6,0.46525586
30588.6,0.00094414,1688330579366,30588.7,0.39014191,30588.6,0.16525586
30588.6,0.00094414,1688330580068,30588.7,0.39014191,30588.6,0.16525586
30588.6,0.00094414,1688330581609,30588.7,0.39014191,30588.6,0.16564859
30588.6,0.00094414,1688330582068,30588.7,0.39014191,30588.6,0.46564859
30588.6,0.00094414,1688330582307,30588.7,0.31664191,30588.6,0.46564859
30588.7,0.00098075,1688330582412,30588.7,0.29936892,30588.6,0.46564859
30588.6,0.00194414,1688330583821,30588.7,0.29936892,30588.6,0.16364859
30588.6,0.00194414,1688330583966,30588.7,0.29936892,30588.6,0.46364859
30588.6,0.00194414,1688330584311,30588.7,0.29936892,30588.6,1.76364859
30588.6,0.00194414,1688330584566,30588.7,0.29936892,30588.6,0.46364859
30588.6,0.00194414,1688330584667,30588.7,0.29936892,30588.6,0.46325586
30588.7,0.00041264,1688330584779,30588.7,0.29895628,30588.6,0.46325586
30588.7,0.00041264,1688330584882,30588.7,0.30325264,30588.6,0.72144586
30588.7,0.00041264,1688330585012,30588.7,0.29648044,30588.6,0.72144586
30588.7,0.00041264,1688330586685,30588.7,0.29648044,30588.6,0.97963586
30588.7,0.00041264,1688330586806,30588.7,0.29648044,30588.6,0.46325586
30588.7,0.02568365,1688330586908,30588.7,0.26203635,30588.6,0.62718586
30588.7,0.02568365,1688330587167,30588.7,0.26203635,30588.6,0.46325586
30588.7,0.02568365,1688330587284,30588.7,0.26203635,30588.6,0.62718586
30588.7,0.02568365,1688330587405,30588.7,0.29050635,30588.6,0.46325586
30588.7,0.02568365,1688330587612,30588.7,0.29050635,30588.6,0.16325586
30588.7,0.00039272,1688330588111,30588.7,0.29011363,30588.6,0.16325586
30588.7,0.00284788,1688330589241,30588.7,0.08724212,30588.6,0.16325586
30588.7,0.00284788,1688330589374,30588.7,0.16974212,30588.6,0.16325586
30588.7,0.02386678,1688330589707,30588.7,0.14587534,30588.6,0.16325586
30588.7,0.0028078,1688330590097,30588.7,0.14306754,30588.6,0.16325586
30588.7,0.0028078,1688330590205,30588.7,0.14306754,30588.6,0.16325586
30588.7,0.0028078,1688330590306,30588.7,0.25589754,30588.6,0.16325586
30588.7,0.00033032,1688330590513,30588.7,0.25556722,30588.6,0.16325586
30588.7,0.00003886,1688330591006,30588.7,0.25552836,30588.6,0.16325586
30588.7,0.00003886,1688330591107,30588.7,0.25552836,30588.6,0.46325586
30588.7,0.00003886,1688330591576,30588.7,0.33707,30588.6,0.16325586
30588.7,0.00003886,1688330591811,30588.7,0.33707,30588.6,0.46325586
30588.7,0.00003886,1688330591912,30588.7,0.33707,30588.6,0.16325586
30588.7,0.00003886,1688330593106,30588.7,0.33707,30588.6,0.46325586
30588.7,0.00003886,1688330593460,30588.7,0.33707,30588.6,0.16325586
30588.6,0.10005579,1688330593592,30588.7,0.39869,30588.6,0.06320007
30588.6,0.03335194,1688330593919,30588.7,0.39869,30588.6,0.02984813
30588.6,0.03335194,1688330594512,30588.7,0.37022,30588.6,0.32984813
30588.6,0.03335194,1688330595007,30588.7,0.37022,30588.6,0.49377813
30588.6,0.03335194,1688330595261,30588.7,0.28772,30588.6,0.49377813
30588.6,0.00050204,1688330595404,30588.7,0.28772,30588.6,0.49327609
30588.6,0.00050204,1688330595505,30588.7,0.28772,30588.6,0.49327609
30588.6,0.02594151,1688330595861,30588.7,0.31362,30588.6,0.27405849
30588.6,0.01842921,1688330596267,30588.7,0.32166887,30588.6,0.25562928
30588.6,0.01842921,1688330596535,30588.7,0.32166887,30588.6,0.36889928
30588.6,0.01842921,1688330596906,30588.7,0.35561887,30588.6,0.41327
30588.6,0.01842921,1688330597137,30588.7,0.32166887,30588.6,0.67146
30588.6,0.01842921,1688330597262,30588.7,0.32166887,30588.6,0.83539
30588.6,0.01842921,1688330597911,30588.7,0.32166887,30588.6,0.83702459
30588.6,0.01842921,1688330598512,30588.7,0.32166887,30588.6,1.48702459
30588.6,0.01842921,1688330598661,30588.7,0.32166887,30588.6,2.13702459
30588.6,0.01842921,1688330598886,30588.7,0.32166887,30588.6,0.83702459
30588.6,0.01842921,1688330600295,30588.7,0.32166887,30588.6,0.67309459
30588.6,0.01842921,1688330600406,30588.7,0.35913887,30588.6,0.67309459
30588.6,0.01842921,1688330601299,30588.7,0.24586887,30588.6,0.67309459
30588.6,0.01842921,1688330601506,30588.7,0.20839887,30588.6,0.83702459
30588.6,0.01842921,1688330601861,30588.7,0.23032887,30588.6,0.67309459
30588.6,0.01842921,1688330602169,30588.7,0.20839887,30588.6,0.83702459
30588.6,0.01842921,1688330602411,30588.7,0.20839887,30588.6,0.57883459
30588.6,0.01842921,1688330603212,30588.7,0.20839887,30588.6,1.22883459
30588.6,0.01842921,1688330603317,30588.7,0.20839887,30588.6,1.87883459
30588.6,0.00169471,1688330604173,30588.7,0.20839887,30588.6,1.87713988
30588.6,0.00169471,1688330604306,30588.7,0.20839887,30588.6,2.39351988
30588.6,0.00169471,1688330604516,30588.7,0.20035,30588.6,2.39351988
30588.6,0.00056491,1688330604667,30588.7,0.20035,30588.6,1.87657497
30588.6,0.00056491,1688330605306,30588.7,0.20035,30588.6,2.39295497
30588.6,0.00056491,1688330605581,30588.7,0.08752,30588.6,2.39295497
30588.7,0.00346561,1688330605912,30588.7,0.08405439,30588.6,2.39295497
30588.7,0.00346561,1688330606606,30588.7,0.0259,30588.6,2.39295497
30588.7,0.00346561,1688330611412,30588.7,0.08752,30588.6,2.39295497
30588.7,0.00346561,1688330611806,30588.7,0.0259,30588.6,2.39295497
30588.7,0.00346561,1688330613019,30588.7,0.0259,30588.6,1.87657497
30588.7,0.00346561,1688330613512,30588.7,0.0259,30588.6,2.39295497
30588.7,0.00346561,1688330614961,30588.7,0.0259,30588.6,2.44200579
30588.7,0.00346561,1688330617111,30588.7,0.0259,30588.6,2.39295497
30588.7,0.00346561,1688330617606,30588.7,0.0259,30588.6,1.48476497
30588.7,0.00346561,1688330617712,30588.7,0.0259,30588.6,0.83476497
30588.7,0.00346561,1688330617967,30588.7,0.0259,30588.6,0.48366497
30588.7,0.00346561,1688330618069,30588.7,0.03942,30588.6,0.48366497
30588.7,0.00346561,1688330618642,30588.7,0.0259,30588.6,0.48366497
30588.7,0.00346561,1688330619007,30588.7,0.0259,30588.6,1.85578497
30588.7,0.00346561,1688330619111,30588.7,0.0259,30588.6,0.90578497
30588.7,0.00346561,1688330619246,30588.7,0.0259,30588.6,1.55578497
30588.7,0.00346561,1688330619367,30588.7,0.0259,30588.6,0.90578497
30588.6,0.00097976,1688330619988,30588.7,0.0259,30588.6,0.90480521
30588.6,0.00097976,1688330620124,30588.7,0.0259,30588.6,1.04087521
30588.6,0.00097976,1688330620249,30588.7,0.078,30588.6,1.04087521
30588.6,0.00097976,1688330620567,30588.7,0.078,30588.6,0.22449521
30588.6,0.00097976,1688330620674,30588.7,0.59438,30588.6,0.22449521
30588.6,0.00097976,1688330620792,30588.7,1.89438,30588.6,0.11166521
30588.6,0.00097976,1688330621212,30588.7,0.59438,30588.6,0.11166521
30588.6,0.00097976,1688330621595,30588.7,0.656,30588.6,0.11166521
30588.6,0.00097976,1688330621706,30588.7,1.233213,30588.6,0.11166521
30588.6,0.00097976,1688330622601,30588.7,0.13962,30588.6,0.11166521
30588.6,0.00097976,1688330625675,30588.7,0.13962,30588.6,0.78268521
30588.6,0.00097976,1688330625807,30588.7,0.08752,30588.6,2.50480521
30588.6,0.00097976,1688330626406,30588.7,0.08752,30588.6,1.85480521
30588.6,0.00097976,1688330626511,30588.7,0.08752,30588.6,2.50480521
30588.6,0.00097976,1688330627006,30588.7,0.08752,30588.6,1.85480521
30588.6,0.00097976,1688330627111,30588.7,0.08752,30588.6,1.20480521
30588.6,0.00097976,1688330627820,30588.7,0.08752,30588.6,0.90480521
30588.6,0.00097976,1688330628711,30588.7,0.08752,30588.6,2.20480521
30588.6,0.00097976,1688330629561,30588.7,0.08752,30588.6,1.55480521
30588.7,0.00120341,1688330630507,30588.7,0.08631659,30588.6,2.20480521
30588.7,0.00120341,1688330631516,30588.7,0.02469659,30588.6,2.20480521
30588.7,0.00120341,1688330634412,30588.7,0.13796659,30588.6,1.22839459
30588.7,0.00120341,1688330634789,30588.7,0.13796659,30588.6,1.87839459
30588.7,0.00120341,1688330635007,30588.7,0.02469659,30588.6,1.87839459
30588.6,0.00516541,1688330635391,30588.7,0.02469659,30588.6,1.87159459
30588.6,0.0017,1688330635506,30588.7,0.02469659,30588.6,2.12808459
30588.6,0.0017,1688330635623,30588.7,0.02469659,30588.6,2.12808459
30588.6,0.0017,1688330635853,30588.7,0.02469659,30588.6,2.38627459
30588.6,0.0017,1688330636457,30588.7,0.02469659,30588.6,2.39823708
30588.6,0.0017,1688330636597,30588.7,0.02469659,30588.6,2.38627459
30588.6,0.0017,1688330640143,30588.7,0.02469659,30588.6,2.38627459
30588.6,0.0017,1688330640406,30588.7,0.02469659,30588.6,1.73627459
30588.6,0.0017,1688330640512,30588.7,0.02469659,30588.6,1.08627459
30588.6,0.0017,1688330641163,30588.7,0.03484659,30588.6,0.92234459
30588.6,0.0017,1688330641661,30588.7,0.03484659,30588.6,1.57234459
30588.6,0.0017,1688330641763,30588.7,0.03484659,30588.6,2.22234459
30588.7,0.00098075,1688330642112,30588.7,0.03386584,30588.6,2.22234459
30588.7,0.00098075,1688330642261,30588.7,0.03386584,30588.6,2.22234459
30588.7,0.00098075,1688330642466,30588.7,0.02371584,30588.6,2.38627459
30588.6,0.002,1688330643762,30588.7,0.02371584,30588.6,2.38427459
30588.6,0.002,1688330643888,30588.7,0.02371584,30588.6,1.08427459
30588.6,0.002,1688330644262,30588.7,0.02371584,30588.6,2.38427459
30588.6,0.002,1688330645506,30588.7,0.02371584,30588.6,2.38590918
30588.6,0.002,1688330645715,30588.7,0.05315584,30588.6,1.16886918
30588.6,0.002,1688330646411,30588.7,0.02371584,30588.6,2.49917918
30588.6,0.002,1688330648370,30588.7,0.02371584,30588.6,1.84917918
30588.6,0.002,1688330648505,30588.7,0.02371584,30588.6,1.19917918
30588.6,0.002,1688330648707,30588.7,0.02371584,30588.6,1.84917918
30588.6,0.002,1688330650106,30588.7,0.02371584,30588.6,1.19917918
30588.6,0.002,1688330650611,30588.7,0.02371584,30588.6,2.49917918
30588.6,0.002,1688330651211,30588.7,0.02371584,30588.6,1.84917918
30588.6,0.002,1688330651312,30588.7,0.02371584,30588.6,1.19917918
30588.6,0.002,1688330652185,30588.7,0.02371584,30588.6,1.84917918
30588.6,0.002,1688330652321,30588.7,0.02371584,30588.6,2.49917918
30588.6,0.002,1688330652466,30588.7,0.02371584,30588.6,1.84917918
30588.6,0.002,1688330652588,30588.7,0.02371584,30588.6,1.03524918
30588.6,0.002,1688330653124,30588.7,0.02371584,30588.6,1.19917918
30588.6,0.002,1688330653506,30588.7,0.02371584,30588.6,1.84917918
30588.6,0.002,1688330654203,30588.7,0.02371584,30588.6,1.19917918
30588.6,0.002,1688330654407,30588.7,0.02371584,30588.6,1.84917918
30588.6,0.002,1688330655077,30588.7,0.02371584,30588.6,2.49917918
30588.6,0.00080023,1688330655525,30588.7,0.02371584,30588.6,2.49837895
30588.6,0.00080023,1688330655626,30588.7,0.02371584,30588.6,2.49837895
30588.6,0.00080023,1688330655882,30588.7,0.02371584,30588.6,1.84837895
30588.6,0.00080023,1688330656806,30588.7,0.02371584,30588.6,1.19837895
30588.6,0.00080023,1688330656906,30588.7,0.02371584,30588.6,1.19837895
30588.6,0.00080023,1688330657111,30588.7,0.02371584,30588.6,0.89837895
30588.6,0.00080023,1688330657341,30588.7,0.02371584,30588.6,1.19837895
30588.6,0.00080023,1688330657712,30588.7,0.03319584,30588.6,0.73444895
30588.6,0.00080023,1688330657819,30588.7,0.03319584,30588.6,1.03444895
30588.6,0.00080023,1688330657944,30588.7,0.03319584,30588.6,0.73444895
30588.6,0.00080023,1688330658911,30588.7,0.03319584,30588.6,1.03444895
30588.6,0.00080023,1688330659149,30588.7,0.03319584,30588.6,0.73444895
30588.6,0.00080023,1688330659406,30588.7,0.03319584,30588.6,1.03444895
30588.6,0.00080023,1688330659512,30588.7,0.03319584,30588.6,0.73444895
30588.6,0.00080023,1688330660503,30588.7,0.03319584,30588.6,1.03444895
30588.6,0.00080023,1688330660957,30588.7,0.03319584,30588.6,1.68444895
30588.6,0.00080023,1688330661306,30588.7,0.03319584,30588.6,1.03444895
30588.6,0.00080023,1688330661561,30588.7,0.09481584,30588.6,1.03444895
30588.6,0.00080023,1688330661811,30588.7,0.08533584,30588.6,1.19837895
30588.6,0.00080023,1688330662706,30588.7,0.08533584,30588.6,1.03444895
30588.7,0.00940037,1688330664106,30588.7,0.07593547,30588.6,1.03444895
30588.7,0.00940037,1688330664211,30588.7,0.07593547,30588.6,1.19837895
30588.7,0.00619999,1688330664345,30588.7,0.06973548,30588.6,1.84837895
30588.7,0.00619999,1688330664451,30588.7,0.06973548,30588.6,1.84837895
30588.7,0.00252083,1688330665111,30588.7,0.06721465,30588.6,1.84837895
30588.7,0.00252083,1688330665806,30588.7,0.06721465,30588.6,2.49837895
30588.7,0.00252083,1688330666811,30588.7,0.06721465,30588.6,2.5188483
30588.7,0.00252083,1688330667511,30588.7,0.08572,30588.6,2.5188483
30588.7,0.01085695,1688330667867,30588.7,0.07486305,30588.6,2.5188483
30588.7,0.01085695,1688330667985,30588.7,0.07486305,30588.6,2.5188483
30588.7,0.01085695,1688330668811,30588.7,0.0241,30588.6,2.5188483
30588.7,0.01085695,1688330669066,30588.7,0.0241,30588.6,2.49837895
30588.7,0.01085695,1688330670612,30588.7,0.08572,30588.6,2.49837895
30588.7,0.01085695,1688330671209,30588.7,0.08572,30588.6,1.33199895
30588.7,0.01085695,1688330671428,30588.7,0.08572,30588.6,2.24018895
30588.7,0.01085695,1688330671567,30588.7,0.0241,30588.6,2.24018895
30588.7,0.01085695,1688330672111,30588.7,0.0241,30588.6,2.49837895
30588.7,0.01085695,1688330672367,30588.7,0.0241,30588.6,1.54837895
30588.7,0.01085695,1688330672469,30588.7,0.0241,30588.6,0.73444895
30588.7,0.01085695,1688330672706,30588.7,0.77551,30588.6,0.00163459
30588.7,0.01085695,1688330672807,30588.7,2.17842224,30588.6,0.00163459
30588.7,0.01085695,1688330673167,30588.7,3.27201524,30588.6,0.00163459
30588.7,0.01085695,1688330673511,30588.7,2.17842224,30588.6,0.00163459
30588.7,0.01085695,1688330674367,30588.7,1.66204224,30588.6,0.30163459
30588.7,0.01085695,1688330674478,30588.7,0.22377224,30588.6,0.81801459
30588.7,0.01085695,1688330675306,30588.7,0.21484224,30588.6,1.63194459
30588.7,0.01085695,1688330675512,30588.7,0.19855,30588.6,2.28194459
30588.7,0.01085695,1688330675620,30588.7,0.19855,30588.6,1.63194459
30588.7,0.01085695,1688330676891,30588.7,0.19855,30588.6,0.98194459
30588.7,0.01085695,1688330677107,30588.7,0.19855,30588.6,2.28194459
30588.7,0.01085695,1688330677429,30588.7,0.19855,30588.6,1.11556459
30588.7,0.01085695,1688330677579,30588.7,0.19855,30588.6,1.87883459
30588.7,0.01085695,1688330678606,30588.7,0.19855,30588.6,2.13702459
30588.7,0.01085695,1688330678712,30588.7,0.19855,30588.6,2.39521459
30588.7,0.01085695,1688330679101,30588.7,0.13693,30588.6,2.39521459
30588.7,0.01085695,1688330679550,30588.7,0.13693,30588.6,2.13702459
30588.7,0.01085695,1688330679806,30588.7,0.13693,30588.6,2.38604061
30588.7,0.01085695,1688330682802,30588.7,0.13693,30588.6,2.12785061
30588.7,0.01085695,1688330684111,30588.7,0.13693,30588.6,1.87883459
30588.7,0.01085695,1688330684506,30588.7,0.13693,30588.6,2.89416459
30588.6,0.00163459,1688330685804,30588.7,0.13693,30588.6,2.89253
30588.6,0.00253561,1688330685905,30588.7,0.13693,30588.6,2.88999439
30588.6,0.00253561,1688330686364,30588.7,0.13693,30588.6,3.40637439
30588.6,0.00253561,1688330687567,30588.7,0.13693,30588.6,3.14818439
30588.6,0.00253561,1688330689067,30588.7,0.13693,30588.6,2.23999439
30588.6,0.00253561,1688330689762,30588.7,0.13693,30588.6,2.88999439
30588.6,0.00253561,1688330690206,30588.7,0.13693,30588.6,2.89162898
30588.7,0.00009998,1688330693907,30588.7,0.13683002,30588.6,2.89162898
30588.7,0.00009998,1688330694802,30588.7,0.13683002,30588.6,3.14981898
30588.7,0.00009998,1688330694906,30588.7,0.13683002,30588.6,3.45705983
30588.6,0.0017,1688330695481,30588.7,0.13683002,30588.6,3.45535983
30588.6,0.0017,1688330695587,30588.7,0.13683002,30588.6,3.45535983
30588.6,0.0017,1688330697306,30588.7,0.13683002,30588.6,2.15535983
30588.6,0.0017,1688330697871,30588.7,0.13683002,30588.6,2.85441062
30588.6,0.0017,1688330697979,30588.7,0.13683002,30588.6,3.55346142
30588.6,0.0017,1688330698315,30588.7,0.13683002,30588.6,1.84811898
30588.6,0.0017,1688330699209,30588.7,0.13683002,30588.6,2.49811898
30588.6,0.0017,1688330699319,30588.7,0.13683002,30588.6,3.14811898
30588.6,0.0017,1688330699729,30588.7,0.13683002,30588.6,2.49811898
30588.7,0.0031,1688330699984,30588.7,0.13373002,30588.6,2.49811898
30588.7,0.0031,1688330700107,30588.7,0.13373002,30588.6,3.40630898
30589.1,0.00001009,1688330700646,30589.1,0.00017725,30589,3.96515917
30589.1,0.00007704,1688330700790,30589.2,0.00162807,30589.1,4.33142804
30589.1,0.00007704,1688330700906,30589.2,0.00017902,30589.1,4.50893207
30589.2,0.00003269,1688330701007,30589.2,0.00014633,30589.1,4.50893207
30589.2,0.00003269,1688330701111,30589.2,0.00014633,30589.1,4.9709321
30589.2,0.00003269,1688330701329,30589.2,0.00014633,30589.1,4.79342812
30589.2,0.00003269,1688330701536,30589.2,0.00014633,30589.1,4.32548812
30589.3,0.0008344,1688330701794,30589.5,0.01242254,30589.2,4.77352598
30589.3,0.0008344,1688330701906,30589.5,0.03752254,30589.4,3.30444203
30589.3,0.0008344,1688330702218,30589.5,0.03752254,30589.4,3.56263203
30589.3,0.0008344,1688330703236,30589.5,0.03752254,30589.4,3.04625203
30589.4,0.002,1688330703803,30589.5,0.03752254,30589.4,3.04425203
30589.4,0.002,1688330703906,30589.5,0.03752254,30589.4,3.04425203
30589.4,0.002,1688330704952,30589.5,0.03752254,30589.4,0.91614
30589.5,0.00103836,1688330705058,30589.5,0.03648418,30589.4,1.56614
30589.5,0.00103836,1688330705206,30589.5,0.03648418,30589.4,1.56614
30589.4,0.001,1688330705433,30589.5,0.03648418,30589.4,1.56514
30589.4,0.001,1688330707111,30589.5,0.03648418,30589.4,0.91514
30589.4,0.001,1688330707240,30589.5,0.03648418,30589.4,1.06514009
30589.4,0.001,1688330707352,30589.5,0.03648418,30589.4,2.30742
30589.4,0.001,1688330707460,30589.5,0.03648418,30589.4,2.95742
30589.4,0.001,1688330707956,30589.5,0.03648418,30589.4,2.98104
30589.4,0.001,1688330708063,30589.5,0.03648418,30589.4,3.49742
30589.4,0.001,1688330708166,30589.5,0.03648418,30589.4,3.51998156
30589.4,0.001,1688330708411,30589.5,0.01138418,30589.4,3.51998156
30589.4,0.001,1688330708557,30589.5,0.01138418,30589.4,3.54498156
30589.4,0.001,1688330708765,30589.5,0.01138418,30589.4,3.54661611
30589.4,0.001,1688330709772,30589.5,0.03648418,30589.4,3.54661611
30589.4,0.001,1688330710007,30589.5,0.01138418,30589.4,3.54661611
30589.4,0.001,1688330710361,30589.5,0.03648418,30589.4,3.54661611
30589.4,0.001,1688330710566,30589.5,0.03648418,30589.4,3.63702651
30589.4,0.001,1688330710673,30589.5,0.03648418,30589.4,3.7270781
30589.4,0.00015085,1688330712075,30589.5,0.03648418,30589.4,3.72692725
30589.4,0.00015085,1688330712180,30589.5,0.03648418,30589.4,3.72692725
30589.4,0.00015085,1688330713861,30589.5,0.03648418,30589.4,3.16873725
30589.4,0.00015085,1688330714067,30589.5,0.03648418,30589.4,3.16955099
30589.4,0.00015085,1688330714282,30589.5,0.03648418,30589.4,3.14593099
30589.4,0.00015085,1688330714590,30589.5,0.03648418,30589.4,3.16955099
30589.4,0.00015085,1688330714812,30589.5,0.03648418,30589.4,3.42774099
30589.4,0.00015085,1688330721010,30589.5,0.03648418,30589.4,3.40517943
30589.5,0.00001655,1688330721379,30589.5,0.03639641,30589.4,3.40517943
30589.4,0.0004417,1688330724506,30589.5,0.03639641,30589.4,3.40473773
30589.4,0.0004417,1688330724612,30589.5,0.03639641,30589.4,3.40473773
30589.4,0.0004417,1688330727130,30589.5,0.03639641,30589.4,3.38111773
30589.4,0.0004417,1688330727647,30589.5,0.03639641,30589.4,3.40473773
30589.4,0.0004417,1688330727904,30589.5,0.03639641,30589.4,3.38111773
30589.4,0.0004417,1688330728006,30589.5,0.03639641,30589.4,3.40473773
30589.4,0.0004417,1688330728111,30589.5,0.03639641,30589.4,3.62047447
30589.4,0.00030883,1688330728806,30589.5,0.03639641,30589.4,3.62016564
30589.4,0.00030883,1688330728911,30589.5,0.03639641,30589.4,3.62016564
30589.4,0.00030883,1688330729043,30589.5,0.01129641,30589.4,3.62016564
30589.4,0.00030883,1688330729149,30589.5,0.03639641,30589.4,3.62016564
30589.4,0.00030883,1688330729253,30589.5,0.01129641,30589.4,3.62016564
30589.4,0.00030883,1688330729354,30589.5,0.03639641,30589.4,3.62016564
30589.5,0.00125292,1688330729557,30589.5,0.03263765,30589.4,3.62016564
30589.5,0.00125292,1688330729658,30589.5,0.03263765,30589.4,3.62016564
30589.5,0.00125292,1688330731966,30589.5,0.00753765,30589.4,3.62016564
30589.5,0.00125292,1688330732306,30589.5,0.03263765,30589.4,3.62016564
30589.5,0.00125292,1688330732764,30589.5,0.00753765,30589.4,3.62016564
30589.5,0.00125292,1688330732973,30589.5,0.03263765,30589.4,3.62016564
30589.5,0.00125292,1688330733106,30589.5,0.00753765,30589.4,3.62016564
30589.5,0.00125292,1688330733673,30589.5,0.03263765,30589.4,3.62016564
30591.2,0.2399669,1688330737372,30591.2,0.00615627,30589.6,1.44806625
30591.9,0.00007779,1688330737481,30592,0.00069682,30591.5,2.70969394
30591.9,0.00007779,1688330737586,30592,0.00069939,30591.9,3.48861116
30591.9,0.00007779,1688330737690,30592,0.00069939,30591.9,3.5255832
30591.9,0.00007779,1688330737791,30592,0.00069939,30591.9,4.37999525
30592.6,0.00002828,1688330738106,30592.8,0.04680408,30592.5,1.18963
30593.7,0.00043083,1688330738206,30594,0.08825259,30592.8,0.64779
30593.7,0.00043083,1688330738307,30594,0.11335259,30593.9,5.25934428
30593.7,0.00043083,1688330738618,30594,0.11380359,30593.9,3.9725965
30593.7,0.00043083,1688330738767,30594,0.08870359,30593.9,4.7900365
30593.7,0.00043083,1688330738874,30594,0.11380359,30593.9,4.9863072
30594,0.0251,1688330738982,30594.1,0.0010066,30593.9,4.9863072
30594,0.0251,1688330739089,30594.1,0.0010066,30594,7.40551495
30594,0.0251,1688330739193,30594.1,0.0010066,30594,8.89191811
30594.1,0.0010066,1688330739296,30594.3,0.00002461,30594,8.89191811
30594.1,0.0010066,1688330739396,30594.3,0.00002461,30594.2,7.5113786
30594.2,0.00005,1688330739500,30594.3,0.00002461,30594.2,7.5729486
30594.3,0.00002461,1688330739606,30594.7,0.00150952,30594.2,3.65775655
30595.4,0.00001212,1688330739707,30595.5,0.31215119,30595.4,3.6006902
30595.4,0.00001212,1688330739811,30595.5,0.31215119,30595.4,4.1170702
30595.4,0.00001212,1688330740013,30595.5,0.31215119,30595.4,2.70437472
30595.4,0.00001212,1688330740167,30595.5,0.31215119,30595.4,1.88686163
30595.4,0.00001212,1688330740386,30595.5,0.31215119,30595.4,1.86324163
30595.4,0.00001212,1688330741111,30595.5,0.31215119,30595.4,1.85135
30595.4,0.00001212,1688330741367,30595.5,0.00019119,30595.4,1.85135
30595.4,0.00001212,1688330742526,30595.5,0.00019119,30595.4,1.85298423
30595.4,0.00001212,1688330742627,30595.5,0.00019119,30595.4,2.06203423
30595.4,0.00001212,1688330742767,30595.5,0.00019119,30595.4,2.08565423
30595.4,0.00001212,1688330742896,30595.5,0.00019119,30595.4,2.31546592
30595.4,0.00001212,1688330744216,30595.5,0.00019119,30595.4,2.29184592
30595.4,0.00001212,1688330744317,30595.5,0.00019119,30595.4,2.31546592
30595.4,0.00001212,1688330745377,30595.5,0.00019119,30595.4,2.29184592
30595.4,0.00001212,1688330748905,30595.5,0.00019119,30595.4,2.31546592
30595.4,0.00001212,1688330749111,30595.5,0.00019119,30595.4,2.10641592
30595.7,0.00138982,1688330749634,30595.7,0.01151781,30595.6,2.78870394
30595.7,0.00138982,1688330749735,30595.7,0.01151781,30595.6,3.30508394
30595.7,0.00138982,1688330749843,30595.7,0.01151781,30595.6,3.57613464
30595.7,0.00138982,1688330750067,30595.7,0.01151781,30595.6,5.38969538
30595.7,0.00138982,1688330750631,30595.7,0.01151781,30595.6,5.36169144
30595.7,0.00138982,1688330750838,30595.7,0.01151781,30595.6,5.60553753
30595.7,0.00124402,1688330751944,30595.7,0.01027379,30595.6,5.60553753
30595.7,0.00124402,1688330752958,30595.7,0.01027379,30595.6,5.60717175
30595.6,0.0017,1688330755495,30595.7,0.01027379,30595.6,5.60547175
30595.6,0.0017,1688330755598,30595.7,0.01027379,30595.6,5.60547175
30595.6,0.00040764,1688330756812,30595.7,0.01027379,30595.6,5.60506411
30595.6,0.00040764,1688330756914,30595.7,0.01027379,30595.6,5.60506411
30595.6,0.00040764,1688330757380,30595.7,0.01027379,30595.6,3.69388625
30595.6,0.00040764,1688330757506,30595.7,0.01027379,30595.6,4.64135185
30595.6,0.00040764,1688330757863,30595.7,0.01027379,30595.6,4.80470185
30595.7,0.0000098,1688330759307,30595.7,0.01026399,30595.6,4.80470185
30595.7,0.0000098,1688330759411,30595.7,0.01026399,30595.6,4.89370185
30595.7,0.0000098,1688330760106,30595.7,0.01026399,30595.6,4.89370185
30595.7,0.00098052,1688330762461,30595.7,0.00928347,30595.6,4.89370185
30595.7,0.00098052,1688330762700,30595.7,0.00928347,30595.6,4.89376849
30595.7,0.00098052,1688330762803,30595.7,0.00928347,30595.6,6.92054012
30597,0.00002954,1688330763007,30597.4,0.0000105,30595.6,6.92054012
30597,0.00002954,1688330763112,30597.4,0.0000105,30597.3,3.43273617
30597,0.00002954,1688330763263,30597.4,0.0000105,30597.3,3.64129926
30597,0.00002954,1688330763399,30597.4,0.0000105,30597.3,4.48841926
30597,0.00002954,1688330763501,30597.4,0.0000105,30597.3,4.51841926
30597.7,0.00008113,1688330763603,30597.9,0.00140443,30597.3,4.51841926
30597.7,0.00008113,1688330763706,30597.9,0.00140443,30597.8,7.65997736
30597.8,0.00005,1688330763806,30597.9,0.00140443,30597.8,7.82326736
30597.8,0.002,1688330763941,30597.9,0.00140443,30597.8,7.87126736
30597.8,0.02102004,1688330764068,30597.9,0.00140443,30597.8,7.85024732
30600,0.00012859,1688330764169,30600,0.92946534,30598.4,7.22096288
30600.3,0.00001027,1688330764293,30600.8,0.00019443,30600.7,3.34333508
30600.3,0.00001027,1688330764405,30600.8,0.00019443,30600.7,5.30754207
30600.3,0.00001027,1688330764506,30600.8,0.00019443,30600.7,4.53950207
30601.9,0.00182626,1688330764607,30601.9,0.00264172,30601.8,4.66757809
30601.9,0.00182626,1688330764709,30601.9,0.00264172,30601.8,5.10890611
30601.9,0.00182626,1688330764912,30601.9,0.00264172,30601.8,5.17052611
30603.9,0.00000322,1688330765135,30604.2,0.08834692,30603.8,2.61698351
30606.6,0.00110594,1688330765247,30606.6,0.00000188,30605.8,6.72788353
30606.6,0.00110594,1688330765348,30606.6,0.00000188,30606.5,5.6187599
30611.5,0.06989499,1688330765491,30611.5,0.092,30611.4,3.80006228
30611.5,0.06989499,1688330765606,30611.5,0.15733491,30611.4,3.50006228
30611.5,0.06989499,1688330765707,30611.5,0.18020213,30611.4,3.50006228
30611.5,0.06989499,1688330765811,30611.5,0.70646255,30611.4,3.58668228
30611.5,0.06989499,1688330765912,30611.5,0.70646255,30611.4,4.34920993
30611.5,0.06989499,1688330766013,30611.5,0.73318255,30611.4,3.8376091
30614.6,0.394,1688330766116,30614.7,0.00005237,30614.6,4.26055498
30614.6,0.394,1688330766218,30614.7,0.31201237,30614.6,2.32599541
30614.6,0.394,1688330766331,30614.7,0.32751237,30614.6,2.32599541
30614.6,0.394,1688330766479,30614.7,1.46672078,30614.6,0.87145541
30614.6,0.394,1688330766583,30614.7,1.51603052,30614.6,0.22145541
30614.6,0.394,1688330766688,30614.7,0.95716237,30614.6,0.22145541
30614.6,0.394,1688330766801,30614.7,1.08370982,30614.6,0.22145541
30614.6,0.394,1688330766906,30614.7,1.64258888,30614.6,0.22145541
30614.6,0.394,1688330767007,30614.7,1.10870982,30614.6,0.19345147
30614.6,0.394,1688330767110,30614.7,2.65552475,30614.6,0.19345147
30614.6,0.394,1688330767312,30614.7,1.56193175,30614.6,0.19345147
30614.6,0.394,1688330767625,30614.7,1.56193175,30614.6,0.40240147
30614.6,0.394,1688330767762,30614.7,1.25443201,30614.6,0.40240147
30614.6,0.394,1688330768006,30614.7,1.31605201,30614.6,0.40403467
30614.6,0.394,1688330768109,30614.7,2.03818501,30614.6,1.03368467
30614.6,0.394,1688330768211,30614.7,0.84067982,30614.6,2.33368467
30614.6,0.394,1688330768315,30614.7,0.84067982,30614.6,1.03368467
30614.6,0.394,1688330768445,30614.7,0.84067982,30614.6,2.33368467
30614.6,0.394,1688330768806,30614.7,0.84067982,30614.6,2.33367467
30614.7,0.00002548,1688330769128,30614.7,0.81564381,30614.6,2.33367467
30614.7,0.00002548,1688330769233,30614.7,0.89064381,30614.6,1.03367467
30614.7,0.00002548,1688330769715,30614.7,0.88564381,30614.6,1.03367467
30614.7,0.00002548,1688330770132,30614.7,0.54989381,30614.6,1.03367467
30614.7,0.0000814,1688330770234,30614.7,0.53350381,30614.6,3.77545467
30614.7,0.0000814,1688330770376,30614.7,0.53350381,30614.6,2.33367467
30614.7,0.0000814,1688330770499,30614.7,0.54979605,30614.6,1.68367467
30614.7,0.0000814,1688330770606,30614.7,0.64879605,30614.6,1.03367467
30614.7,0.0000814,1688330770711,30614.7,0.64929605,30614.6,1.03367467
30614.7,0.0000814,1688330771206,30614.7,0.64929605,30614.6,1.03367467
30614.7,0.0000814,1688330771311,30614.7,0.43746605,30614.6,2.63367467
30614.6,0.00002,1688330771439,30614.7,0.43746605,30614.6,2.65718467
30614.6,0.00002,1688330773012,30614.7,1.11862238,30614.6,0.51718467
30614.6,0.00002,1688330773130,30614.7,1.11862238,30614.6,0.40391467
30614.6,0.00002,1688330773248,30614.7,3.4946511,30614.6,0.40391467
30614.6,0.00002,1688330773393,30614.7,2.98508463,30614.6,0.40391467
30614.6,0.00002,1688330773712,30614.7,2.98458463,30614.6,0.40391467
30614.6,0.00002,1688330773851,30614.7,2.47974238,30614.6,0.40391467
30614.6,0.00002,1688330773996,30614.7,2.50474238,30614.6,0.40391467
30614.6,0.00002,1688330774106,30614.7,3.59833538,30614.6,0.40392467
30614.6,0.00002,1688330775140,30614.7,3.59833538,30614.6,0.19497467
30614.6,0.00002,1688330775741,30614.7,3.61927925,30614.6,0.19497467
30614.6,0.00002,1688330776106,30614.7,3.83177925,30614.6,0.19497467
30614.6,0.00002,1688330776806,30614.7,3.83292118,30614.6,0.19497467
30614.7,0.00182064,1688330777131,30614.7,3.83110054,30614.6,0.19497467
30614.7,0.00182064,1688330777279,30614.7,2.73750754,30614.6,0.19497467
30614.7,0.00182064,1688330777387,30614.7,3.83110054,30614.6,0.19497467
30614.6,0.00135,1688330777507,30614.7,3.85352691,30614.6,0.19362467
30614.6,0.00135,1688330777611,30614.7,2.75993391,30614.6,0.19362467
30614.6,0.00135,1688330777751,30614.7,2.55352691,30614.6,0.19362467
30614.6,0.00135,1688330777870,30614.7,0.89160758,30614.6,0.19362467
30614.6,0.00135,1688330777993,30614.7,0.89160758,30614.6,0.49362467
30614.6,0.00135,1688330778211,30614.7,0.65410758,30614.6,2.42327467
30614.6,0.00135,1688330778471,30614.7,0.64050962,30614.6,2.42327467
30614.6,0.00135,1688330778606,30614.7,0.66298962,30614.6,2.42327467
30614.6,0.00135,1688330778711,30614.7,0.64839257,30614.6,2.58720467
30614.6,0.00135,1688330778812,30614.7,0.34839257,30614.6,2.42327467
30614.6,0.00135,1688330778955,30614.7,0.40587257,30614.6,2.42327467
30614.6,0.00135,1688330779206,30614.7,0.40587257,30614.6,1.12327467
30614.6,0.00135,1688330779306,30614.7,0.38958033,30614.6,1.12327467
30614.6,0.00135,1688330779411,30614.7,0.38958033,30614.6,1.77327467
30614.6,0.00135,1688330779512,30614.7,0.38958033,30614.6,2.42327467
30614.6,0.00135,1688330779624,30614.7,0.40587257,30614.6,2.42327467
30614.6,0.00135,1688330779759,30614.7,0.41029244,30614.6,2.42327467
30614.6,0.00135,1688330780226,30614.7,0.41029244,30614.6,1.77327467
30614.6,0.00135,1688330780480,30614.7,0.41029244,30614.6,1.12327467
30614.6,0.00135,1688330780828,30614.7,0.39710403,30614.6,1.12327467
30614.6,0.00135,1688330780962,30614.7,0.39710403,30614.6,2.42327467
30614.6,0.00135,1688330781081,30614.7,0.33962403,30614.6,2.58720467
30614.6,0.00135,1688330781206,30614.7,0.27800403,30614.6,2.58720467
30614.6,0.00135,1688330781906,30614.7,0.27800403,30614.6,1.93720467
30614.6,0.00135,1688330782013,30614.7,0.28922435,30614.6,1.12327467
30614.6,0.00135,1688330782166,30614.7,0.28262435,30614.6,2.42327467
30614.6,0.00135,1688330782406,30614.7,0.29909435,30614.6,1.12327467
30614.6,0.00135,1688330782621,30614.7,0.29909435,30614.6,0.30689467
30614.6,0.00135,1688330782768,30614.7,1.65076128,30614.6,0.30689467
30614.6,0.00135,1688330782890,30614.7,0.37859435,30614.6,0.30689467
30614.6,0.00135,1688330783006,30614.7,0.43026128,30614.6,0.30689467
30614.6,0.00135,1688330783112,30614.7,0.37325254,30614.6,0.30689467
30614.6,0.00135,1688330783242,30614.7,1.51851247,30614.6,0.30689467
30614.6,0.00135,1688330783506,30614.7,0.37325254,30614.6,0.30689467
30614.6,0.00135,1688330783611,30614.7,2.24129947,30614.6,0.30689467
30614.6,0.00135,1688330784095,30614.7,3.08866699,30614.6,0.30689467
30614.6,0.00135,1688330784206,30614.7,1.47881006,30614.6,0.82327467
30614.6,0.00135,1688330784306,30614.7,1.69131006,30614.6,0.82327467
30614.6,0.00135,1688330784412,30614.7,0.60448926,30614.6,0.82327467
30614.6,0.00135,1688330784566,30614.7,0.59771706,30614.6,0.82327467
30614.6,0.00135,1688330784806,30614.7,0.38521706,30614.6,0.82327467
30614.6,0.00135,1688330785012,30614.7,1.47881006,30614.6,0.82327467
30614.6,0.00135,1688330785166,30614.7,0.38238117,30614.6,0.30689467
30614.6,0.00135,1688330785300,30614.7,0.30288117,30614.6,0.30689467
30614.6,0.00135,1688330785611,30614.7,1.6545481,30614.6,0.30689467
30614.6,0.00135,1688330785712,30614.7,2.9606411,30614.6,0.30689467
30614.6,0.00135,1688330785855,30614.7,1.8670481,30614.6,0.30689467
30614.6,0.00135,1688330785967,30614.7,1.8670481,30614.6,0.30696127
30614.6,0.00135,1688330786188,30614.7,2.9606411,30614.6,0.30696127
30614.6,0.00135,1688330786304,30614.7,1.86923085,30614.6,0.30696127
30614.6,0.00135,1688330786406,30614.7,2.96282385,30614.6,0.30696127
30614.6,0.00135,1688330786511,30614.7,2.47223085,30614.6,0.19369127
30614.6,0.00135,1688330786660,30614.7,3.56582385,30614.6,0.19369127
30614.6,0.00135,1688330787312,30614.7,3.5537633,30614.6,0.19369127
30614.7,0.02,1688330788467,30614.7,3.54704822,30614.6,0.19369127
30614.7,0.02,1688330788577,30614.7,3.54704822,30614.6,0.19369127
30614.7,0.02,1688330789007,30614.7,3.75954822,30614.6,0.19369127
30614.7,0.02,1688330789485,30614.7,3.76119854,30614.6,0.19369127
30614.7,0.02,1688330789602,30614.7,3.74699594,30614.6,0.19369127
30614.7,0.02,1688330789814,30614.7,2.65340294,30614.6,0.19369127
30614.7,0.02,1688330789919,30614.7,3.74699594,30614.6,0.19369127
30614.7,0.02,1688330790185,30614.7,2.65340294,30614.6,0.19369127
30614.7,0.02,1688330790290,30614.7,3.74699594,30614.6,0.19369127
30614.7,0.02,1688330790512,30614.7,3.74699594,30614.6,0.19369127
30614.7,0.02,1688330790617,30614.7,3.7600574,30614.6,0.19369127
30614.7,0.02,1688330790875,30614.7,2.6664644,30614.6,0.19369127
30614.7,0.02,1688330791007,30614.7,3.4835844,30614.6,0.19369127
30614.7,0.02,1688330791111,30614.7,4.57552708,30614.6,0.19369127
30614.7,0.02,1688330791678,30614.7,4.57231014,30614.6,0.19369127
30614.6,0.0000666,1688330792214,30610.2,0.30740098,30610.1,0.4701201
30614.6,0.0000666,1688330792429,30610.2,0.56559098,30610.1,0.07908004
30614.6,0.0000666,1688330792531,30610.2,0.58188322,30610.1,0.26031201
30614.6,0.0000666,1688330792795,30610.2,0.61648623,30610.1,0.26031201
30614.6,0.0000666,1688330792900,30610.2,0.35829623,30610.1,0.26031201
30614.6,0.0000666,1688330793541,30608.1,0.78291549,30608,0.15542
30614.6,0.0000666,1688330793689,30608.1,0.78291549,30608,0.1318
30614.6,0.0000666,1688330793897,30608.1,1.44920773,30608,0.1318
30614.6,0.0000666,1688330794001,30606.7,0.20773098,30606.6,1.11370608
30614.6,0.0000666,1688330794106,30606.7,0.126,30606.6,1.11370608
30614.6,0.0000666,1688330794211,30606.7,0.126,30606.6,1.2937061
30614.6,0.0000666,1688330794437,30606.7,0.16060301,30606.6,1.2937061
30614.6,0.0000666,1688330794640,30606.7,0.27343301,30606.6,1.17721128
30606.6,0.00824463,1688330794746,30606.7,2.27081566,30606.6,0.33856055
30606.6,0.00824463,1688330794894,30606.7,2.24437525,30606.6,0.33856055
30606.6,0.00824463,1688330795005,30606.7,3.66469463,30606.6,0.33856055
30606.6,0.00824463,1688330795212,30606.7,3.67146683,30606.6,0.33856055
30606.6,0.00824463,1688330795313,30606.7,3.66469463,30606.6,0.33856055
30606.6,0.00824463,1688330795806,30606.7,3.67146683,30606.6,0.33856055
30606.6,0.00824463,1688330796116,30606.7,3.66469463,30606.6,0.33856055
30606.6,0.00824463,1688330797320,30606.7,4.48181463,30606.6,0.33856055
30606.6,0.0159,1688330798007,30606.7,4.48181463,30606.6,0.32266055
30606.6,0.0159,1688330798109,30606.7,4.48181463,30606.6,0.32266055
30606.6,0.0159,1688330799012,30606.7,2.10650463,30606.6,0.62266055
30606.6,0.0159,1688330799115,30606.7,1.89364239,30606.6,0.62266055
30606.6,0.0159,1688330799356,30606.7,0.80004939,30606.6,0.62266055
30606.6,0.0159,1688330799461,30606.7,0.80658564,30606.6,0.62266055
30606.7,0.00882557,1688330799706,30606.7,0.79776007,30606.6,0.62233332
30606.7,0.00080374,1688330799912,30606.7,0.79695633,30606.6,0.62233332
30606.7,0.00080374,1688330800052,30606.7,3.19054933,30606.6,0.62233332
30606.7,0.00080374,1688330801066,30606.7,1.75227933,30606.6,0.62233332
30606.7,0.00080374,1688330801406,30606.7,0.65868633,30606.6,0.62233332
30606.7,0.00080374,1688330801511,30606.7,1.63195995,30606.6,0.62233332
30606.7,0.00080374,1688330801659,30606.7,2.72555295,30606.6,0.62233332
30606.7,0.00080374,1688330801766,30606.7,1.63195995,30606.6,0.62233332
30606.7,0.00080374,1688330801870,30606.7,2.72555295,30606.6,0.62233332
30606.7,0.00247981,1688330802906,30606.7,2.71653689,30606.6,0.62233332
30606.7,0.00247981,1688330803374,30606.7,1.24102601,30606.6,2.65126332
30606.6,0.00032702,1688330803479,30606.7,1.12819601,30606.6,2.93872183
30606.6,0.00032702,1688330803582,30606.7,0.03460301,30606.6,2.93872183
30606.7,0.00007335,1688330803706,30606.7,0.03452966,30606.6,2.93872183
30606.7,0.00007335,1688330805793,30606.7,0.03452966,30606.6,3.49061387
30606.7,0.00007335,1688330805912,30606.7,0.03452966,30606.6,3.49167971
30606.7,0.00032673,1688330807607,30606.7,0.69495517,30606.6,0.61849529
30606.7,0.00032673,1688330807711,30606.7,0.69495517,30606.6,0.31849529
30606.7,0.00032673,1688330807812,30606.7,1.99495517,30606.6,0.31849529
30606.7,0.00032673,1688330807913,30606.7,0.69495517,30606.6,0.61849529
30606.7,0.03420293,1688330808049,30606.7,1.96075224,30606.6,0.31849529
30606.7,0.0851662,1688330808155,30606.7,1.87489604,30606.6,0.31849529
30606.7,0.0851662,1688330808392,30606.7,1.90868206,30606.6,0.31849529
30606.7,0.0851662,1688330808707,30606.7,1.94322028,30606.6,0.31849529
30606.7,0.0851662,1688330808807,30606.7,1.94322028,30606.6,0.61849529
30606.7,0.0851662,1688330808911,30606.7,0.09115309,30606.6,2.00084529
30606.7,0.0851662,1688330809160,30606.7,0.24621309,30606.6,1.83691529
30606.7,0.0851662,1688330809267,30606.7,0.20398309,30606.6,1.83691529
30606.7,0.0851662,1688330809373,30606.7,0.21152309,30606.6,1.83691529
30606.7,0.0851662,1688330809698,30606.7,0.19744648,30606.6,1.83691529
30606.7,0.0851662,1688330809799,30606.7,0.1979111,30606.6,2.00084529
30606.7,0.0851662,1688330810006,30606.7,0.2401411,30606.6,1.83691529
30606.6,0.00064,1688330810107,30606.7,0.1979111,30606.6,2.00020529
30606.6,0.00064,1688330810803,30606.7,0.16290826,30606.6,2.03113316
30606.6,0.00064,1688330810903,30606.7,0.19232715,30606.6,1.51475316
30606.6,0.00064,1688330811006,30606.7,2.16420715,30606.6,0.34878316
30606.6,0.00064,1688330811368,30606.7,3.25780015,30606.6,0.34878316
30606.6,0.00064,1688330811906,30606.7,3.25565031,30606.6,0.34878316
30606.6,0.00064,1688330812673,30606.7,2.16205731,30606.6,0.34878316
30606.6,0.00158,1688330812894,30606.7,3.25011792,30606.6,0.34720316
30606.6,0.00158,1688330813006,30606.7,3.25011792,30606.6,0.34720316
30606.6,0.00158,1688330813878,30606.7,2.15652492,30606.6,0.64720316
30606.6,0.00158,1688330813980,30606.7,2.15652492,30606.6,0.34720316
30606.6,0.00158,1688330814106,30606.7,0.86593047,30606.6,0.34720316
30606.6,0.00158,1688330814212,30606.7,2.16593047,30606.6,0.34720316
30606.6,0.00158,1688330814719,30606.7,3.22741047,30606.6,0.34720316
30606.6,0.00158,1688330814931,30606.7,2.16593047,30606.6,0.34720316
30606.6,0.00158,1688330815186,30606.7,2.1701004,30606.6,0.34720316
30606.6,0.0017,1688330815519,30606.7,2.1701004,30606.6,0.34550316
30606.6,0.0017,1688330816190,30606.7,3.2636934,30606.6,0.34550316
30606.6,0.0017,1688330816306,30606.7,3.25393503,30606.6,0.34550316
30606.6,0.0017,1688330816411,30606.7,2.16034203,30606.6,0.34550316
30606.6,0.0017,1688330817086,30606.7,3.25393503,30606.6,0.34550316
30606.6,0.0017,1688330817306,30606.7,3.26899876,30606.6,0.34550316
30606.6,0.0017,1688330817407,30606.7,2.17540576,30606.6,0.34550316
30606.6,0.0017,1688330817729,30606.7,3.08568576,30606.6,0.34550316
30606.6,0.0017,1688330817932,30606.7,2.18194213,30606.6,0.34550316
30606.6,0.00064,1688330818344,30606.7,2.17719894,30606.6,0.34486316
30606.6,0.00064,1688330818598,30606.7,2.17719894,30606.6,0.16135798
30606.6,0.00064,1688330818812,30606.7,1.66081894,30606.6,0.46135798
30606.6,0.00064,1688330818912,30606.7,0.36081894,30606.6,2.13045798
30606.6,0.00064,1688330819350,30606.7,1.66081894,30606.6,0.16135798
30606.6,0.00552,1688330819495,30606.7,2.18142026,30606.6,0.15583798
30606.6,0.00552,1688330819603,30606.7,2.18142026,30606.6,0.15583798
30606.6,0.00552,1688330819806,30606.7,2.16512802,30606.6,0.15583798
30606.6,0.00552,1688330820013,30606.7,2.16512802,30606.6,0.15583798
30606.6,0.00552,1688330820246,30606.7,0.34874802,30606.6,0.97221798
30606.6,0.00552,1688330820353,30606.7,0.34874802,30606.6,2.17913798
30606.7,0.00010264,1688330820489,30606.7,0.32224995,30606.6,1.66275798
30606.7,0.00010264,1688330820606,30606.7,0.32224995,30606.6,1.66275798
30606.7,0.00010264,1688330820711,30606.7,0.30090995,30606.6,2.34306798
30606.7,0.00010264,1688330820812,30606.7,1.61673358,30606.6,0.15583798
30606.7,0.00010264,1688330821617,30606.7,1.60947606,30606.6,0.15583798
30606.6,0.0001771,1688330821959,30606.7,1.60947606,30606.6,0.15566088
30606.7,0.00098017,1688330822065,30606.7,1.60849589,30606.6,0.15566088
30606.7,0.00098017,1688330822212,30606.7,1.60849589,30606.6,0.15566088
30606.7,0.00098017,1688330822660,30606.7,1.64088861,30606.6,0.15566088
30606.7,0.00098017,1688330822766,30606.7,1.61355593,30606.6,0.15566088
30606.7,0.00098017,1688330823506,30606.7,0.31355593,30606.6,0.45566088
30606.7,0.00098017,1688330823758,30606.7,0.31163683,30606.6,0.45566088
30606.6,0.002,1688330823862,30606.7,0.31163683,30606.6,0.45366088
30606.6,0.002,1688330823971,30606.7,1.61163683,30606.6,0.45366088
30606.6,0.002,1688330824107,30606.7,0.3148324,30606.6,0.73086088
30606.6,0.002,1688330824211,30606.7,0.2015624,30606.6,2.55516088
30606.6,0.002,1688330824427,30606.7,0.17600683,30606.6,2.55516088
30606.6,0.0005005,1688330824558,30606.7,0.17600683,30606.6,2.55466038
30608.2,0.00979965,1688330824868,30608.2,0.00000164,30608.1,2.68116402
30608.2,0.00979965,1688330824969,30608.2,0.00000164,30608.1,3.21633384
30608.2,0.00979965,1688330825069,30610,0.0019833,30609.9,4.49380437
30608.2,0.00979965,1688330825177,30610,0.0019833,30609.9,5.69205353
30608.2,0.00979965,1688330825407,30612.3,0.077,30612.2,2.84638103
30612.2,0.01312,1688330825727,30612.3,0.077,30612.2,2.48453506
30612.2,0.01312,1688330825833,30612.3,0.077,30612.2,2.48453506
30612.2,0.01312,1688330826070,30612.3,0.077,30612.2,2.45653112
30612.2,0.01312,1688330826172,30614.5,0.43496,30614.4,1.20685
30614.4,0.01905,1688330826273,30614.5,0.43496,30614.4,1.1878
30614.4,0.01905,1688330826381,30614.5,0.43496,30614.4,1.1878
30614.4,0.01905,1688330826706,30614.5,0.45559,30614.4,1.02387
30614.4,0.01905,1688330826919,30614.5,1.75559,30614.4,0.20749
30612.1,0.02086406,1688330827812,30612.2,0.42982549,30612.1,0.09518799
30612.1,0.02086406,1688330828567,30612.2,1.07982549,30612.1,0.09518799
30612.1,0.02086406,1688330829195,30612.2,1.07982549,30612.1,0.05793179
30612.1,0.02086406,1688330829299,30612,0.76786549,30611.9,0.18677407
30612.1,0.02086406,1688330829448,30612,0.76786549,30611.9,0.11283
30612.1,0.02086406,1688330829988,30612,0.11786549,30611.9,0.41283
30612.1,0.02086406,1688330830200,30612,0.077,30611.9,0.5261
30612.1,0.02086406,1688330830306,30612,0.077,30611.9,2.13273
30612.1,0.02086406,1688330830767,30612,0.08997,30611.9,2.13273
30612.1,0.02086406,1688330830990,30612,0.077,30611.9,2.81304
30612.1,0.02086406,1688330831092,30612,0.077,30611.9,4.11304
30612.1,0.02086406,1688330831306,30612,0.077,30611.9,3.46304
30612.1,0.02086406,1688330831411,30612,0.077,30611.9,2.81304
30612.1,0.02086406,1688330831999,30612,0.077,30611.9,2.64911
30612.1,0.02086406,1688330832460,30612,0.077,30611.9,2.81304
30611.9,0.01313,1688330832673,30612,0.077,30611.9,2.63598
30611.9,0.01313,1688330832984,30612,0.11923,30611.9,1.8196
30611.9,0.01313,1688330833200,30612,1.41923,30611.9,0.21297
30611.9,0.00064,1688330833712,30612,1.41923,30611.9,0.21233
30611.9,0.00064,1688330833814,30612,1.41923,30611.9,0.21233
30611.9,0.00064,1688330834409,30612,0.11923,30611.9,1.02871
30611.9,0.00064,1688330834510,30612,0.11923,30611.9,2.10594
30611.9,0.00064,1688330834611,30612,0.11923,30611.9,1.80594
30611.9,0.00064,1688330834964,30612,0.11923,30611.9,1.54775
30611.9,0.00064,1688330835069,30612,0.11923,30611.9,1.28956
30612,0.03092717,1688330835306,30612,1.38830283,30611.9,0.21233
30612,0.03092717,1688330835612,30612,0.08830283,30611.9,0.21233
30611.9,0.05729987,1688330835916,30612,0.08830283,30611.9,0.05597013
30611.9,0.05729987,1688330836017,30612,1.38830283,30611.9,0.05597013
30611.9,0.05729987,1688330837211,30612,1.40459507,30611.9,0.05597013
30611.9,0.00050048,1688330837312,30612,1.40459507,30611.9,0.05546965
30611.9,0.00050048,1688330838414,30612,1.40459507,30611.9,0.11326965
30611.9,0.00050048,1688330838725,30612,0.10459507,30611.9,0.11326965
30611.9,0.0045,1688330839036,30612,0.10459507,30611.9,0.10876965
30611.9,0.0045,1688330839511,30612,0.10459507,30611.9,0.40876965
30611.9,0.0045,1688330841206,30612,0.10459507,30611.9,0.66695965
30611.9,0.0045,1688330841310,30612,0.10459507,30611.9,0.92514965
30611.9,0.0045,1688330842197,30612,0.06236507,30611.9,3.20713965
30611.9,0.0045,1688330842303,30612,0.01629224,30611.9,3.20713965
30611.9,0.0045,1688330842406,30614.5,0.08609679,30614.4,2.19120439
30614.4,0.00990305,1688330842611,30614.5,0.08609679,30614.4,2.18130134
30614.4,0.00990305,1688330842715,30614.5,0.39805679,30614.4,1.8630093
30614.4,0.00990305,1688330845208,30614.5,0.39805679,30614.4,1.6048193
30614.4,0.00479875,1688330845312,30614.5,0.39805679,30614.4,1.34183055
30614.4,0.00479875,1688330845456,30614.5,1.69805679,30614.4,1.34183055
30614.4,0.00479875,1688330845668,30614.5,1.72191903,30614.4,0.52654
30614.4,0.00479875,1688330845906,30614.5,1.72191903,30614.4,0.22654
30614.4,0.00479875,1688330846007,30614.5,1.72191903,30614.4,0.52654
30614.4,0.00050048,1688330846111,30614.5,1.72191903,30614.4,0.52603952
30614.4,0.00085,1688330846212,30614.5,0.10238903,30614.4,2.62453952
30614.4,0.00009238,1688330847261,30614.5,0.10238903,30614.4,2.62444714
30614.4,0.00247733,1688330850666,30614.5,0.10238903,30614.4,2.62196981
30614.4,0.00247733,1688330850772,30614.5,0.10238903,30614.4,2.62196981
30614.4,0.00406,1688330852683,30614.5,0.10238903,30614.4,3.91790981
30614.4,0.00406,1688330852806,30614.5,0.10238903,30614.4,3.91790981
30614.4,0.00406,1688330853029,30614.5,0.10238903,30614.4,2.61790981
30614.4,0.00406,1688330853266,30614.5,0.10238903,30614.4,3.26790981
30614.4,0.00406,1688330853492,30614.5,0.10238903,30614.4,2.61790981
30614.5,0.00097992,1688330854355,30614.5,0.10140911,30614.4,2.61790981
30614.4,0.0045,1688330856805,30614.5,0.10140911,30614.4,2.61340981
30614.4,0.0045,1688330856906,30614.5,0.10140911,30614.4,3.91340981
30614.4,0.0045,1688330857312,30614.5,0.10140911,30614.4,3.26340981
30614.4,0.0045,1688330857466,30614.5,0.10140911,30614.4,2.95431983
30614.4,0.0045,1688330857568,30614.5,0.08511687,30614.4,2.95431983
30614.5,0.00046056,1688330858300,30614.5,0.08465631,30614.4,2.95431983
30614.5,0.00046056,1688330858404,30614.5,0.08465631,30614.4,2.95431983
30614.5,0.00046056,1688330858862,30614.5,0.08465631,30614.4,3.60431983
30614.5,0.00046056,1688330858976,30614.5,0.03855631,30614.4,4.25431983
30614.5,0.00046056,1688330859506,30614.5,0.08465631,30614.4,2.95431983
30614.4,0.0153,1688330859711,30614.5,0.08465631,30614.4,2.93901983
