last,lastSz,ts,askPx,askSz,bidPx,bidSz
30118.29,0.00368611,1688965513531,30118.29,0.06665678,30118.28,0.03161300
30118.29,0.00320484,1688965514215,30118.29,0.07185194,30118.28,0.10761300
30118.29,0.0164352,1688965515670,30118.29,0.09241674,30118.28,0.10263600
30118.29,0.00082441,1688965518116,30118.29,0.06160306,30118.28,0.10263600
30118.29,0.00085664,1688965518161,30118.29,0.06074642,30118.28,0.10263600
30118.29,0.00000033,1688965518164,30118.29,0.06074609,30118.28,0.10263600
30118.28,0.003318,1688965519252,30118.29,0.09734709,30118.28,0.09931800
30118.28,0.003318,1688965519252,30118.29,0.09734709,30118.28,0.09600000
30118.28,0.003364,1688965519252,30118.29,0.09734709,30118.28,0.09263600
30118.29,0.0009207,1688965520956,30118.29,0.07982539,30118.28,0.09600000
30118.28,0.0000332,1688965521523,30118.29,0.07982539,30118.28,0.09596680
30118.28,0.00031513,1688965523725,30118.29,0.07982539,30118.28,0.09565167
30118.29,0.00119035,1688965525658,30118.29,0.07863504,30118.28,0.09712407
30118.29,0.00460757,1688965526494,30118.29,0.07402747,30118.28,0.09712407
30118.29,0.00284,1688965526494,30118.29,0.07118747,30118.28,0.09712407
30118.29,0.00346706,1688965526494,30118.29,0.06772041,30118.28,0.09712407
30118.28,0.00000996,1688965529087,30118.29,0.10092241,30118.28,0.09711411
30118.29,0.00087812,1688965529544,30118.29,0.10004429,30118.28,0.09711411
30118.29,0.00029766,1688965530762,30118.29,0.08314563,30118.28,0.09711411
30118.29,0.00077669,1688965531090,30118.29,0.08236894,30118.28,0.09711411
30118.28,0.00033534,1688965531578,30118.29,0.08236894,30118.28,0.09677877
30118.29,0.00320486,1688965531953,30118.29,0.07916408,30118.28,0.09677877
30118.29,0.00034688,1688965532285,30118.29,0.07881720,30118.28,0.09677877
30118.29,0.03238785,1688965533781,30118.29,0.02982835,30118.28,0.09677877
30118.49,0.00014944,1688965534312,30118.49,0.00376705,30118.48,0.08780331
30118.49,0.00315556,1688965534445,30118.49,0.00061149,30118.48,0.08927571
30118.48,0.000416,1688965536716,30118.49,0.00061149,30118.48,0.10885971
30118.49,0.00008259,1688965537617,30118.49,0.00052890,30118.48,0.10885971
30118.49,0.00029766,1688965538409,30118.49,0.07021424,30118.48,0.10885971
30118.49,0.00005159,1688965539745,30118.49,0.05016265,30118.48,0.10885971
30118.48,0.00005836,1688965540386,30118.49,0.05016265,30118.48,0.10880135
30118.49,0.00017965,1688965541219,30118.49,0.06998300,30118.48,0.10880135
30118.49,0.00009616,1688965541219,30118.49,0.06988684,30118.48,0.10880135
30118.49,0.04988684,1688965542403,30118.49,0.10857834,30118.48,0.10880135
30118.49,0.00011316,1688965542403,30118.49,0.10846518,30118.48,0.10880135
30118.49,0.00003287,1688965542937,30118.49,0.09773716,30118.48,0.10880135
30118.49,0.00013248,1688965544651,30118.49,0.09760468,30118.48,0.10880135
30118.48,0.009,1688965545212,30118.49,0.09760468,30118.48,0.09980135
30118.49,0.00284493,1688965546067,30118.49,0.09475975,30118.48,0.15680135
30118.49,0.00082623,1688965546844,30118.49,0.09393352,30118.48,0.15680135
30118.49,0.00034721,1688965546893,30118.49,0.09358631,30118.48,0.15680135
30118.48,0.01396916,1688965547473,30118.49,0.09358631,30118.48,0.14283219
30119.82,0.00303248,1688965548379,30119.82,0.08087252,30118.98,0.09347811
30119.82,0.01580464,1688965551286,30119.82,0.15218781,30119.81,0.17517366
30119.82,0.00003337,1688965553415,30119.82,0.15215444,30119.81,0.17517366
30119.82,0.0028449,1688965553552,30119.82,0.14930954,30119.81,0.17517366
30119.82,0.048325,1688965554850,30119.82,0.06438454,30119.81,0.17517366
30119.83,0.00131481,1688965556685,30119.83,0.01868519,30119.82,0.11947240
30119.82,0.00021403,1688965557465,30119.83,0.06823953,30119.82,0.11925837
30119.82,0.00057924,1688965559621,30119.83,0.02463000,30119.82,0.11889316
30119.83,0.00017234,1688965560472,30119.83,0.06638962,30119.82,0.11889316
30119.82,0.00032031,1688965561311,30119.83,0.65356962,30119.82,0.11857285
30119.83,0.00092065,1688965562454,30119.83,0.06546897,30119.82,0.13517285
30119.82,0.00057285,1688965563882,30119.83,0.55566000,30119.82,0.11800000
30119.82,0.06649262,1688965563882,30119.83,0.55566000,30119.82,0.05150738
30119.83,0.00092065,1688965564592,30119.83,0.14876175,30119.82,0.05150738
30119.83,0.00077274,1688965565083,30119.83,0.10547202,30119.82,0.05150738
30119.82,0.00000996,1688965565295,30119.83,0.12207202,30119.82,0.05149742
30119.83,0.02,1688965566552,30119.83,0.06954066,30119.82,0.05149742
30119.83,0.00475578,1688965566552,30119.83,0.06478488,30119.82,0.05149742
30119.83,0.00268669,1688965566966,30119.83,0.08209819,30119.82,0.05149742
30119.86,0.00145421,1688965568172,30120.56,0.04980000,30119.86,0.17974579
30119.89,0.00117045,1688965570109,30119.89,0.47796166,30119.88,0.04000000
30120.22,0.00345121,1688965572488,30120.22,0.02654879,30119.93,0.02000000
30119.94,0.00044406,1688965572974,30119.94,0.49391678,30119.93,0.10000000
30119.94,0.00026427,1688965574384,30119.94,0.00999601,30119.93,0.10355923
30119.94,0.00519309,1688965577709,30119.94,0.16567112,30119.93,0.09055923
30119.94,0.00328687,1688965577891,30119.94,0.16238425,30119.93,0.09055923
30119.94,0.00029764,1688965578721,30119.94,0.08121848,30119.93,0.09055923
30119.94,0.00121841,1688965580250,30119.94,0.08000007,30119.93,0.09055923
30119.94,0.0005101,1688965580250,30119.94,0.07948997,30119.93,0.09055923
30119.94,0.05948997,1688965580400,30119.95,0.10000000,30119.93,0.32517925
30119.95,0.02350227,1688965580400,30119.95,0.07649773,30119.93,0.32517925
30119.95,0.07649773,1688965580930,30120.29,0.16980104,30119.94,0.33912300
30121.54,0.00663138,1688965582256,30121.55,0.02981210,30121.54,0.14957663
30121.55,0.0132131,1688965582373,30121.55,0.01659900,30121.54,0.14957663
30121.55,0.01156285,1688965582373,30121.55,0.00503615,30121.54,0.14957663
30123.13,0.00632155,1688965582503,30123.13,0.05371509,30121.57,0.18199500
30122.07,0.02,1688965584492,30122.08,0.03000000,30121.54,0.01994663
30121.54,0.01994663,1688965584492,30122.08,0.03000000,30121.23,0.06639600
30121.23,0.01313232,1688965584492,30122.08,0.03000000,30121.23,0.05326368
30121.63,0.00000635,1688965585282,30121.63,0.11187582,30121.23,0.09969192
30121.67,0.147,1688965587405,30122.20,0.04598144,30121.67,0.00147240
30121.67,0.0014724,1688965587405,30122.20,0.04598144,30121.66,0.02000000
30121.66,0.02,1688965587405,30122.20,0.04598144,30121.62,0.02676561
30121.62,0.02676561,1688965587405,30122.20,0.04598144,30121.24,0.01659900
30121.24,0.016599,1688965587405,30122.20,0.04598144,30120.80,0.01659900
30120.8,0.016599,1688965587405,30122.20,0.04598144,30120.79,0.04979947
30120.79,0.04979947,1688965587405,30122.20,0.04598144,30119.93,0.00355923
30119.93,0.00355923,1688965587405,30122.20,0.04598144,30119.84,0.00331800
30119.84,0.003318,1688965587405,30122.20,0.04598144,30119.83,0.00331800
30119.83,0.003318,1688965587405,30122.20,0.04598144,30119.78,0.00497700
30119.78,0.004977,1688965587405,30122.20,0.04598144,30119.17,0.08300361
30119.17,0.08300361,1688965587405,30122.20,0.04598144,30118.62,0.16601021
30118.62,0.15008024,1688965587405,30122.20,0.04598144,30118.62,0.01592997
30121.48,0.0017095,1688965587520,30121.48,0.04172814,30118.75,0.00890737
30121.33,0.00014437,1688965587561,30121.33,0.04329327,30118.92,0.03402308
30121.33,0.00092065,1688965587610,30121.33,0.07734684,30119.22,0.07663764
30120.96,0.0001627,1688965587912,30120.96,0.05987494,30119.45,0.00331800
30121.24,0.00003287,1688965590762,30121.24,0.08636513,30120.93,0.00800000
30121.33,0.00495492,1688965593229,30121.33,0.03333930,30121.32,0.26406000
30121.33,0.0300193,1688965594786,30121.33,0.00332000,30121.32,0.36315973
30121.33,0.00332,1688965594786,30122.02,0.07586308,30121.32,0.36315973
30122.02,0.07586308,1688965594786,30122.08,0.08300077,30121.32,0.36315973
30122.08,0.08300077,1688965594786,30122.95,0.03871237,30121.32,0.36315973
30123.05,0.00497423,1688965594820,30123.22,0.06445348,30123.05,0.00882373
30123.22,0.00312232,1688965595035,30123.22,0.06133116,30123.21,0.31732451
30123.21,0.008,1688965595339,30123.22,0.06133116,30123.21,0.22962365
30123.21,0.00431263,1688965599365,30123.22,0.10952716,30123.21,0.34895568
30123.22,0.00102759,1688965600159,30123.22,0.09190157,30123.21,0.34895568
30123.22,0.00158592,1688965600778,30123.22,0.09031565,30123.21,0.36555368
30123.22,0.0000077,1688965601692,30123.22,0.09030795,30123.21,0.34895568
30123.21,0.00000498,1688965603908,30123.22,0.09030795,30123.21,0.34895070
30123.22,0.02682547,1688965604668,30123.22,0.04688448,30123.21,0.41534370
30123.22,0.03188448,1688965604668,30123.22,0.01500000,30123.21,0.41534370
30123.22,0.015,1688965604668,30123.78,0.04343764,30123.21,0.41534370
30124.17,0.00110195,1688965604703,30124.23,0.02601318,30123.83,0.03319600
30123.83,0.00389805,1688965604703,30124.23,0.02601318,30123.83,0.02929795
30124.65,0.00632132,1688965604961,30124.65,0.03711632,30124.54,0.10757076
30124.64,0.02667149,1688965605822,30124.65,0.17674620,30122.92,0.03319600
30122.92,0.01585782,1688965605822,30124.65,0.17674620,30122.92,0.01733818
30123.88,0.00006222,1688965606447,30123.88,0.01993778,30122.11,0.00800000
30123.71,0.02658155,1688965607247,30123.72,0.61236335,30121.00,0.04343764
30120.98,0.0031641,1688965610291,30121.44,0.05354688,30120.98,0.11883590
30121.44,0.00431612,1688965616496,30121.44,0.03228288,30121.43,0.05300000
30121.44,0.00000199,1688965616523,30121.44,0.01999801,30121.43,0.05300000
30121.53,0.00000904,1688965618220,30121.53,0.01999096,30120.78,0.04500000
30121.53,0.00316049,1688965622903,30121.53,0.09469079,30120.78,0.04500000
30121.51,0.00138059,1688965623750,30121.51,0.02489897,30120.78,0.04500000
30121.51,0.00697026,1688965623831,30121.51,0.01302974,30120.78,0.04500000
30121.54,0.0007727,1688965624006,30121.54,0.08222530,30120.78,0.04500000
30120.78,0.005,1688965628198,30121.51,0.09793192,30120.78,0.04000000
30120.78,0.00841267,1688965628198,30121.51,0.09793192,30120.78,0.03158733
30121.44,0.00033033,1688965629453,30121.44,0.06310731,30120.78,0.03858733
30121.44,0.00884973,1688965629555,30121.44,0.01115027,30120.78,0.03858733
30120.78,0.00006706,1688965629579,30121.51,0.07793192,30120.78,0.03852027
30121.51,0.0174875,1688965630149,30121.51,0.08044442,30120.80,0.01500000
30121.51,0.00044627,1688965630863,30121.51,0.05275273,30120.80,0.01500000
30120.8,0.00519309,1688965631858,30121.51,0.05319900,30120.80,0.04780691
30121.51,0.00064363,1688965632129,30121.51,0.05255537,30120.80,0.04900000
30121.49,0.01873623,1688965633542,30121.49,0.03446277,30120.82,0.07500000
30121.49,0.033199,1688965633918,30121.49,0.02000000,30120.82,0.07500000
30121.49,0.02,1688965633918,30121.50,0.09785126,30120.82,0.07500000
30121.5,0.09785126,1688965633918,30121.52,0.04979900,30120.82,0.07500000
30121.52,0.0166,1688965633918,30121.52,0.03319900,30120.82,0.07500000
30121.52,0.033199,1688965633918,30121.68,0.00004975,30120.82,0.07500000
30121.68,0.00004975,1688965633918,30121.90,0.04343764,30120.82,0.07500000
30121.9,0.04343764,1688965633918,30121.94,0.04979760,30120.82,0.07500000
30121.94,0.0497976,1688965633918,30122.04,0.01660000,30120.82,0.07500000
30122.04,0.0166,1688965633918,30122.37,0.03966293,30120.82,0.07500000
30122.37,0.01310619,1688965633918,30122.37,0.02655674,30120.82,0.07500000
30120.91,0.01380839,1688965634381,30121.94,0.04979760,30120.91,0.10019161
30120.91,0.0082975,1688965634523,30121.93,0.05594118,30120.91,0.12509311
30121.93,0.00049582,1688965635000,30121.93,0.10136325,30120.91,0.15829211
30121.88,0.01540737,1688965636766,30121.88,0.00459263,30120.91,0.15829211
30121.71,0.00000498,1688965638510,30121.90,0.03059900,30121.71,0.05319402
30122.53,0.00157794,1688965638762,30122.53,0.01242206,30121.71,0.06639700
30122.51,0.00474072,1688965640147,30122.51,0.00725928,30121.73,0.05319800
30122.51,0.000046,1688965640461,30122.51,0.00695400,30121.78,0.06100000
30122.53,0.00330401,1688965640562,30122.53,0.00369599,30121.78,0.08100000
30122.54,0.00029763,1688965640655,30122.54,0.03290037,30121.78,0.08100000
30122.53,0.004,1688965641942,30122.54,0.03319800,30121.78,0.11419800
30122.54,0.00007714,1688965641942,30122.54,0.03312086,30121.78,0.11419800
30121.78,0.00446448,1688965642308,30122.54,0.01659900,30121.78,0.10973352
30122.7,0.0012941,1688965643733,30122.70,0.08170023,30121.80,0.12400000
30122.7,0.00001714,1688965645228,30122.70,0.06508409,30122.69,0.14615961
30122.7,0.00316043,1688965645475,30122.70,0.06192366,30122.69,0.14615961
30123.05,0.01090377,1688965646883,30123.05,0.03889199,30122.71,0.15847240
30122.72,0.00158585,1688965648908,30122.72,0.51802144,30122.71,0.15847240
30122.72,0.001,1688965650405,30122.72,0.07542244,30122.71,0.19167040
30122.71,0.137,1688965650449,30122.72,0.11172244,30122.71,0.02147240
30122.71,0.02,1688965650449,30122.72,0.11172244,30122.71,0.00147240
30122.71,0.0014724,1688965650449,30122.72,0.11172244,30122.69,0.02668721
30122.69,0.02668721,1688965650449,30122.72,0.11172244,30120.91,0.00241385
30120.91,0.00241385,1688965650536,30121.79,0.04343764,30119.28,0.04343764
30119.28,0.00743617,1688965650536,30121.79,0.04343764,30119.28,0.03600147
30119,0.0002812,1688965651188,30121.32,0.04343764,30119.00,0.01971880
30121.37,0.00430956,1688965651869,30121.37,0.01229044,30121.23,0.10758078
30121.47,0.00016178,1688965652012,30121.47,0.00315622,30121.23,0.19397878
30121.47,0.0014152,1688965653154,30121.47,0.00174102,30121.23,0.19397878
30121.47,0.00174102,1688965653598,30121.63,0.02157600,30121.23,0.19907883
30121.63,0.001546,1688965653598,30121.63,0.02003000,30121.23,0.19907883
30121.62,0.00061142,1688965653906,30121.62,0.00270658,30121.23,0.19907883
30121.97,0.0029579,1688965654881,30121.97,0.03024010,30121.23,0.19907883
30121.97,0.0006629,1688965655360,30121.97,0.01593610,30121.23,0.19907883
30122.4,0.00077657,1688965656910,30122.40,0.10221826,30121.23,0.23227683
30122.4,0.00001762,1688965659524,30122.40,0.10220064,30121.23,0.19907883
30122.4,0.00519304,1688965659828,30122.40,0.09700760,30121.23,0.19907883
30121.23,0.0112812,1688965660359,30122.40,0.09700760,30121.23,0.18779763
30121.23,0.00041265,1688965662044,30122.40,0.09700760,30121.23,0.18738498
30122.38,0.00124922,1688965662501,30122.38,0.01875078,30121.23,0.18738498
30122.4,0.00044627,1688965665328,30122.40,0.03515273,30121.23,0.18738498
30122.4,0.00328659,1688965665823,30122.40,0.03231241,30121.23,0.18738498
30123.04,0.0155695,1688965671201,30123.04,0.03422628,30123.03,0.23934140
30123.55,0.00126528,1688965673899,30123.55,0.04852965,30123.54,0.12689274
30123.55,0.00029613,1688965674521,30123.55,0.04823352,30123.54,0.19668774
30123.55,0.00013246,1688965675295,30123.55,0.04810106,30123.54,0.40871774
30123.55,0.01133414,1688965676579,30123.55,0.03676692,30123.54,0.21908974
30123.55,0.00016516,1688965677589,30123.55,0.05319976,30123.54,0.18655274
30123.55,0.00575153,1688965679218,30123.55,0.04744823,30123.54,0.28850274
30123.55,0.00013124,1688965679377,30123.55,0.04731699,30123.54,0.28850274
30123.54,0.000046,1688965680411,30123.55,0.03071899,30123.54,0.33839578
30123.54,0.00002789,1688965682223,30123.55,0.03071899,30123.54,0.33836789
30123.54,0.0019918,1688965682738,30123.55,0.03071899,30123.54,0.36957309
30123.54,0.02980945,1688965683539,30123.55,0.03071899,30123.54,0.37934165
30124.23,0.00971479,1688965686501,30124.23,0.02276171,30124.22,0.34494480
30124.22,0.0167643,1688965686958,30124.23,0.02276171,30124.22,0.32818050
30124.23,0.00065728,1688965688565,30124.23,0.02210443,30124.22,0.14652050
30124.23,0.00191233,1688965689250,30124.23,0.02019210,30124.22,0.14652050
30124.23,0.00298502,1688965690598,30124.23,0.01720708,30124.22,0.14652050
30124.23,0.00821616,1688965694328,30124.23,0.00899092,30124.22,0.10294991
30124.22,0.00000498,1688965696284,30124.23,0.49642856,30124.22,0.06974893
30124.23,0.00003319,1688965697384,30124.23,0.15067328,30124.22,0.06974893
30124.23,0.00108484,1688965698834,30124.23,0.14958844,30124.22,0.06974893
30124.23,0.00320423,1688965699988,30124.23,0.12738421,30124.22,0.06974893
30124.23,0.00466866,1688965702355,30124.23,0.04343764,30124.22,0.06974893
30124.23,0.00323215,1688965702355,30124.23,0.04020549,30124.22,0.06974893
30124.23,0.00009987,1688965705678,30124.23,0.03113462,30124.22,0.19218661
30124.23,0.00061138,1688965705943,30124.23,0.03052324,30124.22,0.19218661
30124.22,0.02,1688965706957,30124.23,0.07396088,30124.22,0.17370661
30124.22,0.00024117,1688965706957,30124.23,0.07396088,30124.22,0.17346544
30124.23,0.00086359,1688965707019,30124.23,0.07309729,30124.22,0.16026944
30124.23,0.00158577,1688965708990,30124.23,0.08810952,30124.22,0.42272318
30124.22,0.007613,1688965710488,30124.23,0.07648852,30124.22,0.25485018
30124.23,0.00013008,1688965710518,30124.23,0.07635844,30124.22,0.25485018
30124.23,0.00061138,1688965710728,30124.23,0.07574706,30124.22,0.25485018
30124.23,0.02733242,1688965711052,30124.23,0.04841464,30124.22,0.45536018
30124.23,0.04343764,1688965711052,30124.23,0.00497700,30124.22,0.45536018
30124.23,0.004977,1688965711052,30124.52,0.00995767,30124.22,0.45536018
30124.52,0.00995767,1688965711052,30124.57,0.00331800,30124.22,0.45536018
30124.57,0.003318,1688965711052,30124.59,0.04979321,30124.22,0.45536018
30124.59,0.04979321,1688965711052,30124.65,0.01000000,30124.22,0.45536018
30124.65,0.01,1688965711052,30124.82,0.03000000,30124.22,0.45536018
30124.82,0.01308919,1688965711052,30124.82,0.01691081,30124.22,0.45536018
30124.53,0.00995481,1688965713529,30124.53,0.02319419,30124.52,0.31046040
30124.53,0.00044399,1688965715871,30124.53,0.02275020,30124.52,0.26611803
30124.53,0.00239939,1688965717684,30124.53,0.02035081,30124.52,0.35777003
30124.53,0.0015778,1688965719810,30124.53,0.01877301,30124.52,0.26611803
30124.53,0.00235775,1688965720688,30124.53,0.01641526,30124.52,0.43142803
30124.53,0.01641526,1688965721352,30124.70,0.04343764,30124.52,0.26611803
30124.7,0.007603,1688965721352,30124.70,0.03583464,30124.52,0.26611803
30124.7,0.00036268,1688965722987,30124.70,0.06747782,30124.69,0.18488240
30124.69,0.0020908,1688965725126,30124.70,0.06747782,30124.69,0.25930160
30124.69,0.00107322,1688965726461,30124.70,0.06747782,30124.69,0.34590115
30124.7,0.00158575,1688965726593,30124.70,0.06589207,30124.69,0.34590115
30124.7,0.0032042,1688965727072,30124.70,0.06268787,30124.69,0.32930315
30124.69,0.00000598,1688965730520,30124.70,0.03200586,30124.69,0.32929717
30124.7,0.00165148,1688965730643,30124.70,0.03035438,30124.69,0.32929717
30124.69,0.00030886,1688965733489,30124.70,0.03035438,30124.69,0.32938831
30124.7,0.00165148,1688965733755,30124.70,0.02870290,30124.69,0.06539354
30124.7,0.00170923,1688965734559,30124.70,0.02699367,30124.69,0.20949854
30124.7,0.00404893,1688965737166,30124.70,0.02294474,30124.69,0.35213438
30124.7,0.00025178,1688965738592,30124.70,0.02269296,30124.69,0.38576938
30124.7,0.00077652,1688965738642,30124.70,0.02191644,30124.69,0.38576938
30124.69,0.008,1688965738670,30124.70,0.02191644,30124.69,0.37776938
30124.7,0.00006639,1688965739222,30124.70,0.06960310,30124.69,0.38576938
30124.7,0.02185005,1688965742485,30124.70,0.06435105,30124.69,0.20274938
30124.7,0.0090938,1688965742485,30124.70,0.05525725,30124.69,0.20274938
30124.7,0.00004314,1688965744119,30124.70,0.06656506,30124.69,0.31054938
30124.7,0.00077652,1688965744217,30124.70,0.03120203,30124.69,0.31054938
30124.7,0.03120203,1688965744792,30124.70,0.03638353,30124.69,0.31054938
30124.7,0.00114367,1688965744792,30124.70,0.03523986,30124.69,0.31054938
30124.7,0.00223307,1688965745044,30124.70,0.06538226,30124.69,0.31054938
30124.7,0.0006083,1688965749658,30124.70,0.03176717,30124.69,0.20274938
30124.69,0.0014724,1688965749854,30124.70,0.03176717,30124.69,0.33741698
30124.69,0.0004,1688965749854,30124.70,0.03176717,30124.69,0.33701698
30124.69,0.00101659,1688965749854,30124.70,0.03176717,30124.69,0.33600039
30124.69,0.00089095,1688965754022,30124.70,0.04338017,30124.69,0.37804944
30124.7,0.00115055,1688965757150,30124.70,0.03061662,30124.69,0.37804944
30124.7,0.00041919,1688965759083,30124.70,0.04181043,30124.69,0.37284259
30124.7,0.00009238,1688965761123,30124.70,0.03840005,30124.69,0.19901259
30124.7,0.01293014,1688965762603,30124.70,0.02546991,30124.69,0.31412059
30124.7,0.0040489,1688965765209,30124.70,0.12417150,30124.69,0.14062301
30124.69,0.00044,1688965768352,30124.70,0.48633701,30124.69,0.09589555
30124.69,0.02,1688965768352,30124.70,0.48633701,30124.69,0.07589555
30124.69,0.00038,1688965768352,30124.70,0.48633701,30124.69,0.07551555
30124.69,0.00004315,1688965768352,30124.70,0.48633701,30124.69,0.07547240
30124.69,0.0014724,1688965768352,30124.70,0.48633701,30124.69,0.07400000
30124.69,0.074,1688965768352,30124.70,0.48633701,30124.24,0.03319500
30124.24,0.033195,1688965768352,30124.70,0.48633701,30124.23,0.03319500
30124.23,0.033195,1688965768352,30124.70,0.48633701,30124.22,0.02018404
30124.22,0.00491098,1688965768352,30124.70,0.48633701,30124.22,0.01527306
30124.22,0.0002337,1688965769104,30124.23,0.59929923,30124.22,0.01503936
30124.23,0.00194306,1688965769865,30124.23,0.06286594,30124.22,0.12603936
30124.23,0.00038726,1688965770590,30124.23,0.07569172,30124.22,0.12603936
30124.22,0.01351936,1688965773377,30124.23,0.09462004,30124.22,0.11271140
30124.22,0.00152,1688965773377,30124.23,0.09462004,30124.22,0.11119140
30124.22,0.00385791,1688965773377,30124.23,0.09462004,30124.22,0.10733349
30124.22,0.00156336,1688965774590,30124.23,0.07802204,30124.22,0.13300622
30124.23,0.00003058,1688965776131,30124.23,0.06197146,30124.22,0.16639362
30124.23,0.0002976,1688965778001,30124.23,0.04515986,30124.22,0.13319762
30124.23,0.00109032,1688965778108,30124.23,0.04406954,30124.22,0.13319762
30124.23,0.00108484,1688965778111,30124.23,0.04298470,30124.22,0.13319762
30124.22,0.00120674,1688965781355,30124.23,0.08448873,30124.22,0.14858888
30124.23,0.00016515,1688965781547,30124.23,0.11751958,30124.22,0.14839748
30124.23,0.0003303,1688965782546,30124.23,0.11718928,30124.22,0.13179948
30124.23,0.00031921,1688965783341,30124.23,0.12018807,30124.22,0.13179948
30124.23,0.00298378,1688965783341,30124.23,0.11720429,30124.22,0.13179948
30124.23,0.00044399,1688965783780,30124.23,0.12007830,30124.22,0.14839748
30124.23,0.00154923,1688965785407,30124.23,0.11852907,30124.22,0.13179948
30124.23,0.01321304,1688965785407,30124.23,0.10531603,30124.22,0.13179948
30124.23,0.00398,1688965785407,30124.23,0.10133603,30124.22,0.13179948
30124.23,0.00230575,1688965785407,30124.23,0.09903028,30124.22,0.13179948
30124.23,0.0199889,1688965785701,30124.23,0.08632413,30124.22,0.14839748
30124.22,0.04693897,1688965786440,30124.23,0.08632413,30124.22,0.08486051
30124.23,0.00016515,1688965788303,30124.23,0.08615898,30124.22,0.08486051
30124.23,0.00314667,1688965791841,30124.23,0.08301231,30124.22,0.08486051
30124.23,0.00039437,1688965792784,30124.23,0.08759198,30124.22,0.08486051
30124.22,0.03228203,1688965793324,30124.23,0.09446549,30124.22,0.05257848
30124.23,0.00364971,1688965793990,30124.23,0.09081578,30124.22,0.05257848
30124.22,0.00103727,1688965794251,30124.23,0.07081578,30124.22,0.17906921
30124.23,0.0016432,1688965795240,30124.23,0.09415758,30124.22,0.08437422
30124.23,0.00000762,1688965796984,30124.23,0.08584696,30124.22,0.08437422
30124.23,0.00034922,1688965797672,30124.23,0.11869374,30124.22,0.08437422
30124.22,0.00111795,1688965800796,30124.23,0.06549774,30124.22,0.20228464
30124.23,0.00562919,1688965801107,30124.23,0.07986855,30124.22,0.20440259
30124.23,0.00653,1688965801107,30124.23,0.07333855,30124.22,0.20440259
30124.23,0.00364244,1688965801107,30124.23,0.06969611,30124.22,0.20440259
30124.22,0.00157742,1688965801146,30124.23,0.03650011,30124.22,0.20282517
30124.23,0.00016432,1688965801386,30124.23,0.06953179,30124.22,0.20282517
30124.22,0.00124569,1688965801984,30124.23,0.06953179,30124.22,0.20157948
30124.23,0.00116728,1688965803815,30124.23,0.06836451,30124.22,0.16874647
30124.23,0.00687351,1688965803815,30124.23,0.06149100,30124.22,0.16874647
30124.23,0.003318,1688965803815,30124.23,0.05817300,30124.22,0.16874647
30124.23,0.004977,1688965803815,30124.23,0.05319600,30124.22,0.16874647
30124.23,0.00882449,1688965803815,30124.23,0.04437151,30124.22,0.16874647
30124.23,0.00312649,1688965803847,30124.29,0.00331800,30124.23,0.01587351
30124.29,0.00098625,1688965804132,30124.29,0.06382275,30124.28,0.11800000
30124.28,0.00318748,1688965807730,30124.29,0.07382275,30124.28,0.11481252
30124.28,0.00734599,1688965808158,30124.29,0.07382275,30124.28,0.10665401
30124.29,0.0015778,1688965809811,30124.29,0.05224495,30124.28,0.36174518
30124.29,0.0000073,1688965814226,30124.29,0.05344749,30124.28,0.31289235
30124.29,0.00044623,1688965816047,30124.29,0.07959926,30124.28,0.32053596
30124.29,0.00066641,1688965816624,30124.29,0.07893285,30124.28,0.30790435
30124.29,0.00013245,1688965816778,30124.29,0.07880040,30124.28,0.30790435
30124.29,0.00077263,1688965818082,30124.29,0.02823377,30124.28,0.30790435
30124.29,0.00158576,1688965819607,30124.29,0.05984401,30124.28,0.37035418
30124.29,0.00638922,1688965819789,30124.29,0.05345479,30124.28,0.34110035
30124.29,0.00018355,1688965819789,30124.29,0.05327124,30124.28,0.34110035
30124.28,0.01443259,1688965821798,30124.29,0.05574124,30124.28,0.34883260
30124.29,0.00329834,1688965822396,30124.29,0.05244290,30124.28,0.36543060
30124.29,0.00000132,1688965822431,30124.29,0.05244158,30124.28,0.36543060
30124.28,0.00301613,1688965826640,30124.29,0.05244158,30124.28,0.34024963
30124.29,0.00141347,1688965827602,30124.29,0.06762611,30124.28,0.29045563
30124.29,0.00536211,1688965829301,30124.29,0.06226400,30124.28,0.29416047
30124.29,0.01,1688965829301,30124.29,0.05226400,30124.28,0.29416047
30124.29,0.00247,1688965829301,30124.29,0.04979400,30124.28,0.29416047
30124.29,0.01163493,1688965829301,30124.29,0.03815907,30124.28,0.29416047
30124.92,0.02660831,1688965831207,30124.92,0.04979300,30124.91,0.27149113
30124.92,0.02841216,1688965831207,30124.92,0.02138084,30124.91,0.27149113
30125.91,0.00000642,1688965832854,30125.91,0.03569758,30125.90,0.15493289
30125.91,0.00246512,1688965835680,30125.91,0.00004488,30125.90,0.15493289
30125.91,0.00004488,1688965836188,30125.92,0.01659700,30125.90,0.15493289
30125.92,0.016597,1688965836188,30125.93,0.01659700,30125.90,0.15493289
30125.93,0.016597,1688965836188,30125.94,0.02655250,30125.90,0.15493289
30125.94,0.0265525,1688965836188,30125.95,0.09900000,30125.90,0.15493289
30125.95,0.099,1688965836188,30126.83,0.06638800,30125.90,0.15493289
30126.83,0.00814968,1688965836188,30126.83,0.05823832,30125.90,0.15493289
30125.95,0.01085148,1688965836497,30126.73,0.07663164,30125.95,0.08539735
30125.97,0.00029758,1688965838664,30125.97,0.08902716,30125.96,0.11426383
30125.96,0.001,1688965839045,30125.97,0.06280660,30125.96,0.11326383
30125.96,0.00126383,1688965839045,30125.97,0.06280660,30125.96,0.11200000
30125.96,0.04487193,1688965839045,30125.97,0.06280660,30125.96,0.06712807
30125.97,0.00414084,1688965839490,30125.97,0.03866576,30125.96,0.06712807
30125.97,0.01738169,1688965840415,30125.97,0.04128407,30125.96,0.10032207
30125.97,0.00003336,1688965841025,30125.97,0.08798021,30125.96,0.06712807
30125.97,0.00076014,1688965841180,30125.97,0.52051307,30125.96,0.06712807
30125.96,0.00164186,1688965841690,30125.97,0.05378307,30125.96,0.06548621
30125.97,0.00049293,1688965842061,30125.97,0.05329014,30125.96,0.06548621
30125.97,0.00340064,1688965843907,30125.97,0.47488950,30125.96,0.06548621
30125.97,0.00307373,1688965843907,30125.97,0.47181577,30125.96,0.06548621
30125.97,0.00105138,1688965846276,30125.97,0.05225969,30125.96,0.14729446
30125.97,0.00170915,1688965847740,30125.97,0.57658727,30125.96,0.18048846
30125.97,0.01017147,1688965849301,30125.97,0.13021168,30125.96,0.19708546
30125.96,0.00055959,1688965852742,30125.97,0.11693468,30125.96,0.20477456
30125.97,0.00650684,1688965853662,30125.97,0.53642784,30125.96,0.20477456
30125.97,0.00004987,1688965855908,30125.97,0.09137797,30125.96,0.18817756
30125.96,0.00090436,1688965855919,30125.97,0.09137797,30125.96,0.18727320
30125.97,0.00029758,1688965856360,30125.97,0.09108039,30125.96,0.20387020
30125.97,0.00002041,1688965856461,30125.97,0.09437698,30125.96,0.20387020
30125.97,0.00650684,1688965856470,30125.97,0.08787014,30125.96,0.20387020
30125.97,0.00061135,1688965856695,30125.97,0.08394179,30125.96,0.20387020
30125.97,0.00024022,1688965857564,30125.97,0.08370157,30125.96,0.29289320
30125.96,0.06402226,1688965859379,30125.97,0.20364157,30125.96,0.09005694
30125.96,0.08180825,1688965859379,30125.97,0.20364157,30125.96,0.00824869
30125.96,0.00824869,1688965859379,30125.97,0.20364157,30125.90,0.02666906
30125.9,0.02666906,1688965859452,30125.91,0.68432370,30124.28,0.00355917
30124.29,0.00082603,1688965859846,30124.29,0.06323925,30124.28,0.02015717
30124.29,0.0016514,1688965861089,30124.29,0.00921258,30124.28,0.14692330
30124.28,0.00355917,1688965861759,30124.50,0.08000000,30124.28,0.19315813
30124.28,0.00314601,1688965861759,30124.50,0.08000000,30124.28,0.19001212
30124.5,0.00060828,1688965863150,30124.50,0.07939172,30124.28,0.20661012
30124.5,0.00033028,1688965863210,30124.50,0.07906144,30124.28,0.22320812
30124.94,0.00349266,1688965864010,30124.94,0.08289797,30124.49,0.14173540
30124.94,0.00034944,1688965865240,30124.94,0.08254853,30124.49,0.17493040
30124.6,0.00105251,1688965865590,30124.60,0.07894749,30124.53,0.11900000
30124.94,0.00316001,1688965866333,30124.94,0.05938852,30124.53,0.11900000
30124.93,0.01652868,1688965866954,30124.94,0.08000000,30124.93,0.13078988
30124.94,0.00006085,1688965867482,30124.94,0.07993915,30124.93,0.26675556
30124.94,0.00061138,1688965872411,30124.94,0.07932777,30124.93,0.29587737
30124.94,0.00158575,1688965872809,30124.94,0.07774202,30124.93,0.18292737
30124.94,0.00009915,1688965874179,30124.94,0.09424087,30124.93,0.16632937
30124.94,0.00346198,1688965875351,30124.94,0.09077889,30124.93,0.13313437
30124.94,0.00158575,1688965875546,30124.94,0.07259514,30124.93,0.32634937
30124.94,0.00053547,1688965875676,30124.94,0.07205967,30124.93,0.34294737
30125.58,0.00509868,1688965876557,30125.58,0.01149832,30125.57,0.11919400
30125.59,0.00000066,1688965876589,30125.59,0.01659734,30125.57,0.11919400
30125.59,0.00185365,1688965877087,30125.60,0.02667376,30125.59,0.18829727
30125.59,0.00838176,1688965877352,30125.60,0.02667376,30125.59,0.17991551
30125.59,0.0002904,1688965877449,30125.60,0.02667376,30125.59,0.17962511
30125.6,0.00351674,1688965877815,30125.60,0.05136402,30125.59,0.17962511
30125.59,0.00670541,1688965878237,30125.60,0.05136402,30125.59,0.17291970
30125.6,0.00657263,1688965878767,30125.60,0.01658439,30125.59,0.41222070
30125.6,0.00157776,1688965879512,30125.60,0.01500663,30125.59,0.45535119
30125.6,0.00108483,1688965879819,30125.60,0.01392180,30125.59,0.45535119
30125.59,0.00003434,1688965880676,30125.60,0.01392180,30125.59,0.43871985
30125.6,0.00505632,1688965882210,30125.60,0.00886548,30125.59,0.47191385
30125.6,0.00021952,1688965882343,30125.60,0.00864596,30125.59,0.48851085
30125.6,0.00864596,1688965882829,30125.97,0.00332000,30125.59,0.47191385
30125.97,0.00332,1688965882829,30126.21,0.00004974,30125.59,0.47191385
30126.21,0.00004974,1688965882829,30126.40,0.04979100,30125.59,0.47191385
30126.4,0.016597,1688965882829,30126.40,0.03319400,30125.59,0.47191385
30126.4,0.033194,1688965882829,30126.43,0.04979017,30125.59,0.47191385
30126.43,0.04979017,1688965882829,30126.60,0.08298833,30125.59,0.47191385
30126.6,0.08298833,1688965882829,30127.24,0.02911122,30125.59,0.47191385
30127.24,0.02911122,1688965882830,30127.52,0.08000000,30125.59,0.47191385
30127.51,0.00016053,1688965883678,30127.51,0.32958221,30127.50,0.23370200
30127.52,0.00033029,1688965885697,30127.52,0.07866971,30127.51,0.26909713
30128.33,0.20051,1688965887452,30128.34,0.00331700,30128.33,0.03757673
30128.33,0.03757673,1688965887452,30128.34,0.00331700,30128.17,0.06638200
30128.17,0.033191,1688965887452,30128.34,0.00331700,30128.17,0.03319100
30128.17,0.033191,1688965887452,30128.34,0.00331700,30127.63,0.03946231
30127.63,0.03946231,1688965887452,30128.34,0.00331700,30127.50,0.02672709
30128.46,0.02665,1688965887455,30128.58,0.02671870,30127.50,0.02672709
30128.58,0.0267187,1688965887455,30129.03,0.07900000,30127.50,0.02672709
30129.03,0.079,1688965887455,30129.04,0.02872416,30128.33,0.01659600
30129.04,0.02872416,1688965887455,30129.15,0.03900536,30128.33,0.01659600
30129.15,0.03900536,1688965887455,30129.40,0.68736678,30128.33,0.01659600
30129.4,0.33272103,1688965887455,30129.40,0.35464575,30128.33,0.01659600
30129.4,0.25464575,1688965887455,30129.40,0.10000000,30128.34,0.02488000
30129.4,0.1,1688965887455,30129.58,0.04978497,30128.34,0.02488000
30129.58,0.04978497,1688965887455,30129.74,0.03292155,30128.34,0.02488000
30129.75,0.1,1688965887481,30130.10,0.10000000,30129.74,0.20051000
30130.1,0.01818,1688965887481,30130.10,0.08182000,30129.74,0.20051000
30130.1,0.08182,1688965887482,30130.54,0.08000000,30129.74,0.20051000
30130.54,0.08,1688965887482,30130.59,0.16598778,30129.74,0.20051000
30132.3,0.08297836,1688965888200,30132.31,0.00331600,30132.30,0.21562162
30132.31,0.00158573,1688965889016,30132.31,0.00173027,30132.30,0.25330883
30132.34,0.00092048,1688965889726,30132.34,0.05891518,30132.33,0.12988986
30132.33,0.00869546,1688965889791,30132.34,0.05891518,30132.33,0.12119440
30132.34,0.00340792,1688965890255,30132.34,0.02232026,30132.33,0.08800740
30132.34,0.00136832,1688965890398,30132.34,0.02095194,30132.33,0.08800740
30132.33,0.00004252,1688965890646,30132.34,0.07073194,30132.33,0.12115188
30132.33,0.00030167,1688965892379,30132.34,0.02095194,30132.33,0.30442505
30132.34,0.02095194,1688965892424,30134.32,0.04343764,30132.33,0.30442505
30134.5,0.02665047,1688965894155,30134.51,0.11318500,30134.50,0.16673916
30134.5,0.016592,1688965894155,30134.51,0.11318500,30134.50,0.15014716
30134.5,0.00096216,1688965894155,30134.51,0.11318500,30134.50,0.14918500
30134.5,0.03876272,1688965894155,30134.51,0.11318500,30134.50,0.11042228
30134.5,0.068,1688965894758,30134.51,0.79872464,30132.87,0.04977700
30132.33,0.00268186,1688965894879,30133.62,0.04343764,30132.33,0.00241631
30132.34,0.00821574,1688965896061,30132.34,0.02497126,30132.33,0.16175889
30133.2,0.00223129,1688965899171,30133.20,0.11095471,30133.19,0.31565006
30133.19,0.00104888,1688965901238,30133.20,0.12754771,30133.19,0.29800818
30133.19,0.00223129,1688965902058,30133.20,0.12754771,30133.19,0.29577689
30133.2,0.00053888,1688965903783,30133.20,0.20837760,30133.19,0.12112919
30133.2,0.01626766,1688965906713,30133.20,0.57647311,30133.19,0.10453619
30133.19,0.078,1688965908669,30133.20,0.06510111,30133.19,0.05972219
30133.19,0.02653619,1688965908669,30133.20,0.06510111,30133.19,0.03318600
30133.19,0.033186,1688965908669,30133.20,0.06510111,30132.33,0.05219671
30133.98,0.00000498,1688965909734,30133.99,0.18751935,30133.98,0.02653866
30133.99,0.03955934,1688965910033,30133.99,0.14796001,30133.98,0.06653866
30133.99,0.00000497,1688965910060,30133.99,0.16795504,30133.98,0.06653866
30133.98,0.00192209,1688965911566,30133.99,0.97320568,30133.98,0.06461657
30133.98,0.0001771,1688965912836,30133.99,0.97320568,30133.98,0.06443947
30133.99,0.00315925,1688965913724,30133.99,0.97004643,30133.98,0.06443947
30133.98,0.02443947,1688965915559,30133.99,0.97833643,30133.98,0.04000000
30133.98,0.04,1688965915559,30133.99,0.97833643,30132.35,0.04977800
30132.34,0.01387667,1688965915567,30133.99,0.73438879,30132.33,0.00241631
30132.33,0.00241631,1688965915567,30133.99,0.73438879,30132.08,0.01848849
30132.08,0.01848849,1688965915567,30133.99,0.73438879,30131.92,0.04978109
30131.92,0.04978109,1688965915567,30133.99,0.73438879,30130.93,0.05944253
30132.09,0.01624,1688965915594,30132.10,0.03587967,30132.09,0.00000916
30128.92,0.00116204,1688965916169,30128.92,0.01883796,30127.49,0.04343764
30129.01,0.00663653,1688965916285,30129.01,0.04315036,30128.05,0.01659600
30129.26,0.00002264,1688965919378,30129.26,0.25968236,30129.25,0.00200000
30129.02,0.15670736,1688965923260,30129.02,0.17937882,30129.01,0.13278590
30129.02,0.02,1688965923260,30129.02,0.15937882,30129.01,0.13278590
30129.02,0.07640182,1688965923260,30129.02,0.08297700,30129.01,0.13278590
30129.02,0.033191,1688965923260,30129.02,0.04978600,30129.01,0.13278590
30129.02,0.033191,1688965923260,30129.02,0.01659500,30129.01,0.13278590
30129.02,0.016595,1688965923260,30129.72,0.01659500,30129.01,0.13278590
30129.72,0.016595,1688965923260,30129.75,0.02916120,30129.01,0.13278590
30129.75,0.0291612,1688965923260,30129.80,0.05694230,30129.01,0.13278590
30129.8,0.0569423,1688965923260,30129.81,0.03916387,30129.01,0.13278590
30129.81,0.03916387,1688965923260,30130.17,0.08000000,30129.01,0.13278590
30130.17,0.02205145,1688965923260,30130.17,0.05794855,30129.01,0.13278590
30129.14,0.0165953,1688965925413,30130.08,0.02000000,30129.14,0.10935536
30130.08,0.00077238,1688965925648,30130.08,0.01922762,30129.14,0.11095066
30129.21,0.006,1688965927087,30130.08,0.02000000,30129.14,0.10595066
30129.14,0.00313916,1688965927087,30130.08,0.02000000,30129.14,0.10281150
30130.06,0.0000581,1688965927537,30130.06,0.01994190,30129.14,0.10595066
30130.08,0.00032977,1688965927658,30130.08,0.05286023,30129.21,0.04343764
30130.75,0.0004928,1688965927778,30130.75,0.11222327,30129.55,0.13081268
30130.79,0.00142943,1688965929856,30130.79,0.07857057,30130.74,0.08161181
30131.28,0.00315969,1688965933060,30131.28,0.07981318,30130.75,0.16437600
30131.28,0.0001859,1688965933818,30131.28,0.04643928,30130.75,0.16437600
30131.28,0.00013176,1688965933942,30131.28,0.07952234,30130.75,0.16437600
30131.28,0.00008668,1688965934132,30131.28,0.09602966,30130.75,0.16437600
30131.28,0.00157749,1688965934765,30131.28,0.11445217,30130.75,0.13118800
30131.53,0.00015861,1688965936138,30131.53,0.08281613,30131.28,0.06714511
30132.44,0.00341258,1688965937408,30132.44,0.01658742,30131.27,0.08296800
30131.28,0.00012432,1688965938400,30132.40,0.02000000,30131.28,0.00287568
30130.75,0.003,1688965939694,30132.44,0.02000000,30130.74,0.08313494
30130.74,0.00016494,1688965939694,30132.44,0.02000000,30130.74,0.08297000
30130.74,0.00031672,1688965939694,30132.44,0.02000000,30130.74,0.08265328
30132.45,0.00236607,1688965940852,30132.45,0.04741493,30131.12,0.00829100
30132.44,0.00033022,1688965941153,30132.44,0.01966978,30131.14,0.00497500
30132.44,0.00250733,1688965941402,30132.44,0.01749267,30131.13,0.00497500
30132.71,0.00320348,1688965941550,30132.71,0.01679652,30132.44,0.00300000
30132.71,0.00519171,1688965941961,30132.71,0.01480829,30132.45,0.00600000
30132.72,0.00318751,1688965942150,30132.72,0.09681249,30132.71,0.01105811
30132.72,0.00181445,1688965943442,30132.72,0.09159104,30132.71,0.15671637
30132.72,0.00158539,1688965943499,30132.72,0.09000565,30132.71,0.15671637
30132.72,0.00320348,1688965943744,30132.72,0.08680217,30132.71,0.15671637
30132.72,0.00005811,1688965945017,30132.72,0.07015106,30132.71,0.30371637
30132.72,0.00660443,1688965945305,30132.72,0.08013963,30132.71,0.28706526
30132.72,0.00033022,1688965945342,30132.72,0.07980941,30132.71,0.25387826
30132.72,0.00813435,1688965945384,30132.72,0.07167506,30132.71,0.25387826
30132.72,0.00049533,1688965945517,30132.72,0.07117973,30132.71,0.28706526
30132.72,0.00033022,1688965946313,30132.72,0.07084951,30132.71,0.28706526
30134.24,0.00013242,1688965949394,30134.24,0.01986758,30133.96,0.12481712
30134.19,0.04343764,1688965951798,30134.32,0.08000000,30134.01,0.09778000
30134.32,0.08,1688965951798,30134.46,0.08296667,30134.01,0.09778000
30134.46,0.08296667,1688965951798,30135.40,0.02673749,30134.01,0.09778000
30135.4,0.02673749,1688965951798,30135.89,0.04977455,30134.01,0.09778000
30135.89,0.04977455,1688965951798,30136.02,0.02615390,30134.01,0.09778000
30136.02,0.0261539,1688965951798,30136.29,0.33968556,30134.01,0.09778000
30136.29,0.33968556,1688965951798,30136.30,0.31672893,30134.01,0.09778000
30136.3,0.31672893,1688965951798,30136.57,0.33282897,30134.01,0.09778000
30135.63,0.004974,1688965951798,30136.57,0.33282897,30134.01,0.09778000
30136.57,0.33282897,1688965951798,30136.58,0.08000000,30134.01,0.09778000
30136.58,0.08,1688965951798,30136.63,0.08295553,30134.01,0.09778000
30135.88,0.003316,1688965951801,30136.63,0.08295553,30134.01,0.09778000
30136.34,0.00431206,1688965952058,30138.68,0.04976993,30136.34,0.03307730
30139.13,0.00001473,1688965955123,30139.13,0.02662113,30139.12,0.29392754
30139.12,0.012,1688965955346,30139.13,0.02662113,30139.12,0.28192754
30139.12,0.00126383,1688965955346,30139.13,0.02662113,30139.12,0.28066371
30139.12,0.02017936,1688965955346,30139.13,0.02662113,30139.12,0.26048435
30139.13,0.00012349,1688965956450,30139.13,0.02649764,30139.12,0.25576340
30139.12,0.03483679,1688965956539,30139.13,0.02649764,30139.12,0.22092661
30139.13,0.00061121,1688965957320,30139.13,0.04247643,30139.12,0.11337861
30139.13,0.00066041,1688965957421,30139.13,0.02522602,30139.12,0.11337861
30139.13,0.02522602,1688965958790,30140.09,0.00331600,30139.12,0.14655861
30140.09,0.003316,1688965958790,30140.15,0.01659000,30139.12,0.14655861
30140.15,0.01659,1688965958790,30140.19,0.00497300,30139.12,0.14655861
30140.19,0.004973,1688965958790,30140.41,0.00331600,30139.12,0.14655861
30140.41,0.003316,1688965958790,30140.72,0.01659000,30139.12,0.14655861
30140.72,0.01659,1688965958790,30140.73,0.29871138,30139.12,0.14655861
30140.73,0.29871138,1688965958790,30140.74,0.08294938,30139.12,0.14655861
30140.74,0.08294938,1688965958790,30140.99,0.30707581,30139.12,0.14655861
30140.99,0.30707581,1688965958790,30141.32,0.03873392,30139.12,0.14655861
30141.32,0.03873392,1688965958790,30141.62,0.02639566,30139.12,0.14655861
30141.62,0.02639566,1688965958790,30142.11,0.19896694,30139.12,0.14655861
30142.11,0.04740007,1688965958790,30142.11,0.15156687,30139.12,0.14655861
30142.11,0.15156687,1688965958790,30142.21,0.07900000,30139.12,0.14655861
30142.21,0.07679728,1688965958790,30142.21,0.00220272,30139.12,0.14655861
30139.14,0.00915116,1688965961614,30139.14,0.03090238,30139.13,0.29712875
30139.14,0.00019712,1688965963235,30139.14,0.03070526,30139.13,0.32934213
30139.14,0.00315863,1688965966937,30139.14,0.02754663,30139.13,0.29890313
30139.14,0.00066027,1688965967935,30139.14,0.02688636,30139.13,0.31448213
30139.14,0.00033014,1688965967982,30139.14,0.02655622,30139.13,0.31448213
30139.13,0.00032296,1688965968538,30139.14,0.02655622,30139.13,0.37123817
30139.14,0.01334325,1688965968934,30139.14,0.01321297,30139.13,0.33074817
30139.14,0.01260904,1688965968934,30139.14,0.00060393,30139.13,0.33074817
30139.13,0.00004251,1688965969105,30139.14,0.00060393,30139.13,0.33070566
30139.14,0.00060393,1688965969816,30139.14,0.06169302,30139.13,0.29752666
30139.14,0.03497385,1688965969816,30139.14,0.02671917,30139.13,0.29752666
30139.14,0.02671917,1688965969816,30140.66,0.03698645,30139.13,0.29752666
30140.66,0.03698645,1688965969821,30140.69,0.03088149,30139.13,0.33392666
30140.69,0.03088149,1688965969821,30141.01,0.08294865,30139.13,0.33392666
30141.01,0.08294865,1688965969824,30142.21,0.00220272,30139.89,0.20051000
30141.33,0.00331,1688965969838,30141.33,0.02581154,30140.69,0.03088149
30142.49,0.00268497,1688965969954,30142.49,0.02414895,30141.15,0.08294184
30141.38,0.00017618,1688965970284,30144.14,0.08891355,30141.38,0.11593929
30144.13,0.08294124,1688965971692,30144.14,0.01748692,30144.13,0.08228276
30144.14,0.00318655,1688965972655,30144.14,0.01430037,30144.12,0.17834800
30144.14,0.0017873,1688965973452,30144.14,0.01251307,30144.13,0.06810449
30144.14,0.00646824,1688965973452,30144.14,0.00604483,30144.13,0.06810449
30144.11,0.00631759,1688965975043,30144.11,0.12197041,30144.10,0.02657586
30144.14,0.00604,1688965976923,30144.14,0.00000483,30144.13,0.34105262
30144.14,0.00000483,1688965976973,30144.14,0.00748693,30144.13,1.11301745
30144.14,0.00748693,1688965976973,30146.66,0.01658600,30144.13,1.11301745
30147.17,0.00656953,1688965977603,30147.17,0.02010661,30147.16,0.24420262
30147.16,0.08293495,1688965977732,30147.17,0.02010661,30147.16,0.22760767
30147.16,0.00030464,1688965980467,30147.17,0.01000000,30147.16,0.33300894
30147.17,0.00065684,1688965981025,30147.17,0.00934316,30147.16,0.33300894
30147.16,0.00036536,1688965981251,30147.17,0.00934316,30147.16,0.33264358
30147.16,0.00006228,1688965981251,30147.17,0.00934316,30147.16,0.33258130
30147.17,0.00315811,1688965983447,30147.17,0.00618505,30147.16,0.33258230
30147.17,0.00164238,1688965984259,30147.17,0.00454267,30147.16,0.34916730
30147.17,0.00001274,1688965985136,30147.17,0.00452993,30147.16,0.34916730
30147.16,0.00000498,1688965986727,30147.17,0.00452993,30147.16,0.34916232
30147.17,0.0035,1688965990630,30147.17,0.00102993,30147.16,0.32216232
30147.17,0.00102993,1688965991276,30149.04,0.08292500,30147.16,0.32216232
30149.04,0.0005795,1688965991276,30149.04,0.08234550,30147.16,0.32216232
30147.16,0.00033922,1688965991926,30148.88,0.42500000,30147.16,0.23654114
30147.9,0.00331574,1688965994555,30147.90,0.01668426,30147.16,0.20337114
30147.16,0.00619793,1688965994573,30147.91,0.42500000,30147.16,0.20017321
30148.09,0.00077204,1688966001560,30148.09,0.02254296,30147.16,0.23334321
30148.09,0.00029737,1688966001756,30148.09,0.02224559,30147.16,0.23334321
30148.09,0.00224559,1688966001940,30148.09,0.02000000,30147.16,0.23334321
30148.09,0.01747272,1688966001940,30148.09,0.00252728,30147.16,0.23334321
30148.57,0.00013235,1688966002486,30148.57,0.03303765,30147.20,0.18234000
30147.24,0.00077133,1688966003514,30147.86,0.44158500,30147.24,0.13522867
30147.84,0.00033005,1688966003893,30147.84,0.00298495,30147.24,0.13522867
30147.28,0.00262094,1688966005497,30147.83,0.01160200,30147.28,0.16371906
30147.79,0.00328389,1688966007078,30147.79,0.00168811,30147.28,0.16371906
30147.61,0.00489452,1688966010540,30147.61,0.01510548,30147.32,0.02126384
30147.34,0.00000498,1688966011889,30147.85,0.04975480,30147.34,0.03784386
30147.84,0.00236967,1688966012521,30147.84,0.03989315,30147.34,0.02126384
30147.36,0.00132771,1688966015091,30147.57,0.00497200,30147.36,0.01867229
30147.36,0.00126384,1688966015314,30147.52,0.00828700,30147.35,0.00069000
30147.35,0.00069,1688966015314,30147.52,0.00828700,30147.16,0.01983321
30147.16,0.00371347,1688966015314,30147.52,0.00828700,30147.16,0.01611974
30147.51,0.00330048,1688966016589,30147.51,0.00001452,30147.35,0.05353000
30148.33,0.02,1688966017440,30148.33,0.01658500,30147.39,0.08634000
30148.33,0.01324353,1688966017440,30148.33,0.00334147,30147.39,0.08634000
30148.64,0.003315,1688966017460,30148.70,0.03317000,30147.39,0.08634000
30148.7,0.01286307,1688966017460,30148.70,0.02030693,30147.39,0.08634000
30148.71,0.00052806,1688966019466,30148.71,0.00624736,30148.16,0.11950800
30148.71,0.00003317,1688966020398,30148.71,0.04279919,30148.17,0.12500000
30148.17,0.02595229,1688966020883,30148.70,0.00497200,30148.17,0.16538571
30148.37,0.00318565,1688966022545,30148.37,0.04656828,30148.19,0.14300000
30148.2,0.00129832,1688966024431,30148.20,0.01160200,30148.19,0.14300000
30148.2,0.0002862,1688966024431,30148.20,0.01131580,30148.19,0.14300000
30148.2,0.00171655,1688966024629,30148.20,0.00959925,30148.19,0.15958500
30148.19,0.02,1688966027253,30148.20,0.03318479,30148.19,0.12340000
30148.19,0.0125,1688966027253,30148.20,0.03318479,30148.19,0.11090000
30148.2,0.00157658,1688966027550,30148.20,0.03160821,30148.19,0.13090000
30148.2,0.00139267,1688966028152,30148.20,0.03021554,30148.19,0.14748500
30148.2,0.003315,1688966028152,30148.20,0.02690054,30148.19,0.14748500
30148.2,0.003315,1688966028152,30148.20,0.02358554,30148.19,0.14748500
30148.2,0.00358554,1688966028152,30148.20,0.02000000,30148.19,0.14748500
30148.2,0.02,1688966028152,30148.37,0.04656828,30148.19,0.14748500
30148.37,0.03470628,1688966028152,30148.37,0.01186200,30148.19,0.14748500
30148.34,0.00016502,1688966028817,30148.34,0.00480698,30148.23,0.17616900
30148.33,0.00160938,1688966029721,30148.33,0.00667762,30148.23,0.22933900
30148.27,0.00380521,1688966030327,30148.27,0.00116679,30148.23,0.21275400
30148.24,0.00000918,1688966030509,30148.24,0.00330582,30148.23,0.21275400
30148.36,0.00005797,1688966033570,30148.36,0.00325703,30148.35,0.13261063
30148.37,0.00318554,1688966035274,30148.37,0.04656839,30148.36,0.06100000
30148.37,0.00315768,1688966039061,30148.37,0.09081533,30148.36,0.06104312
30148.36,0.00016585,1688966041260,30148.37,0.09081533,30148.36,0.09404627
30148.37,0.00157653,1688966042843,30148.37,0.05343618,30148.36,0.13199369
30148.37,0.00086276,1688966042916,30148.37,0.05257342,30148.36,0.13199369
30148.36,0.0008583,1688966043019,30148.37,0.05257342,30148.36,0.13113539
30148.37,0.00299972,1688966043979,30148.37,0.00860228,30148.36,0.16430439
30148.37,0.00029736,1688966045116,30148.37,0.00830492,30148.36,0.16430439
30148.37,0.00077591,1688966045440,30148.37,0.00752901,30148.36,0.16430439
30148.36,0.00086276,1688966046176,30148.37,0.00752901,30148.36,0.18002663
30148.4,0.131,1688966047710,30148.45,0.00331500,30148.40,0.03316900
30148.4,0.033169,1688966047710,30148.45,0.00331500,30148.39,0.02000000
30148.39,0.02,1688966047710,30148.45,0.00331500,30148.36,0.00004312
30148.36,0.00004312,1688966047710,30148.45,0.00331500,30148.35,0.02661063
30148.35,0.02661063,1688966047710,30148.45,0.00331500,30148.19,0.00040000
30148.2,0.00489446,1688966048060,30148.20,0.65221754,30148.19,0.00040000
30148.2,0.00157653,1688966048169,30148.20,0.45502547,30148.19,0.00040000
30148.2,0.00106047,1688966049069,30148.20,0.05562182,30148.19,0.14989708
30148.19,0.0004,1688966049191,30148.20,0.05562182,30148.19,0.14949708
30148.19,0.00191668,1688966049191,30148.20,0.05562182,30148.19,0.14758040
30148.2,0.00315766,1688966049593,30148.20,0.05246416,30148.19,0.14758040
30148.2,0.00075387,1688966050055,30148.20,0.05171029,30148.19,0.14758040
30148.2,0.00110368,1688966050055,30148.20,0.05060661,30148.19,0.14758040
30148.2,0.00221132,1688966051089,30148.20,0.05336729,30148.19,0.14758040
30148.2,0.00805141,1688966051089,30148.20,0.04531588,30148.19,0.14758040
30149.37,0.00165576,1688966054200,30149.37,0.00165924,30148.41,0.05672810
30149.38,0.00061089,1688966054667,30149.38,0.00270411,30148.41,0.02355910
30148.61,0.003315,1688966056740,30148.62,0.00497200,30148.45,0.02000000
30148.62,0.004972,1688966056740,30148.69,0.00331500,30148.45,0.02000000
30148.69,0.00225966,1688966056740,30148.69,0.00105534,30148.45,0.02000000
30148.47,0.00016789,1688966059913,30148.47,0.50453177,30148.46,0.15600000
30148.46,0.00100536,1688966060233,30148.47,0.50453177,30148.46,0.15499464
30148.46,0.13499464,1688966060951,30148.47,0.70504177,30148.46,0.02000000
30148.46,0.02,1688966060951,30148.47,0.70504177,30148.41,0.00355910
30148.41,0.0035591,1688966060951,30148.47,0.70504177,30148.19,0.02458040
30148.19,0.0245804,1688966060951,30148.47,0.70504177,30147.95,0.10000000
30147.95,0.1,1688966060951,30148.47,0.70504177,30147.69,0.03879822
30147.6,0.1,1688966060990,30147.61,0.66586160,30147.35,0.00036000
30147.35,0.00036,1688966060990,30147.61,0.66586160,30147.25,0.10000000
30147.25,0.1,1688966060990,30147.61,0.66586160,30147.16,0.00035048
30147.16,0.00035048,1688966060990,30147.61,0.66586160,30147.00,0.50000000
30147,0.5,1688966060990,30147.61,0.66586160,30146.69,0.03917524
30146.69,0.03917524,1688966060990,30147.61,0.66586160,30146.48,0.02894787
30145.45,0.00104625,1688966061564,30145.45,0.47371375,30144.15,0.07661064
30145.9,0.00329701,1688966062252,30145.90,0.04646099,30145.43,0.00400000
30145.9,0.00315768,1688966062425,30145.90,0.03001432,30145.43,0.00469000
30146.29,0.00031882,1688966064636,30146.29,0.05948318,30145.48,0.00400000
30146.29,0.0000191,1688966064846,30146.29,0.05946408,30145.48,0.00400000
30146.27,0.00033612,1688966065445,30146.27,0.01966388,30145.48,0.00400000
30146.26,0.00161748,1688966066751,30146.26,0.05155452,30145.51,0.00400000
30146.96,0.00165016,1688966068731,30146.96,0.02663684,30145.52,0.00600000
30145.7,0.00519171,1688966069767,30146.95,0.00331500,30145.70,0.16343867
30146.95,0.0015765,1688966070953,30146.95,0.05373005,30146.94,0.04435832
30146.95,0.0017385,1688966070996,30146.95,0.05199155,30146.94,0.04435832
30146.95,0.00146314,1688966070996,30146.95,0.05052841,30146.94,0.04435832
30146.95,0.02588444,1688966072154,30146.95,0.05127397,30146.94,0.05035832
30146.94,0.02650949,1688966073776,30146.95,0.03127397,30146.94,0.16684883
30146.94,0.00126383,1688966073776,30146.95,0.03127397,30146.94,0.16558500
30146.94,0.006,1688966073776,30146.95,0.03127397,30146.94,0.15958500
30146.94,0.0412689,1688966073776,30146.95,0.03127397,30146.94,0.11831610
30146.95,0.00631609,1688966073948,30146.95,0.04495788,30146.94,0.10173110
30146.95,0.00014809,1688966077675,30146.95,0.05182979,30146.94,0.12814234
30146.95,0.00505263,1688966078028,30146.95,0.04677716,30146.94,0.12814234
30146.95,0.00656783,1688966078269,30146.95,0.05679433,30146.94,0.12814234
30146.95,0.00017573,1688966079401,30146.95,0.04500660,30146.94,0.12814234
30146.95,0.00000033,1688966079431,30146.95,0.04500627,30146.94,0.12814234
30146.95,0.00123968,1688966080174,30146.95,0.24427659,30146.94,0.12814234
30146.94,0.00065616,1688966081433,30146.95,0.48535159,30146.94,0.14407118
30146.94,0.05452461,1688966082843,30146.95,0.70244759,30146.94,0.07296157
30146.94,0.02641124,1688966083798,30146.95,0.66927659,30146.94,0.13800000
30146.94,0.138,1688966083798,30146.95,0.66927659,30145.72,0.03990355
30145.72,0.03990355,1688966083798,30146.95,0.66927659,30145.43,0.00069000
30145.43,0.00069,1688966083865,30145.44,0.65868400,30143.43,0.04343764
30143.43,0.04343764,1688966083865,30145.44,0.65868400,30143.29,0.32157397
30143.29,0.32157397,1688966083865,30145.44,0.65868400,30142.92,0.31803133
30143.1,0.0296935,1688966083884,30144.85,0.04136370,30142.38,0.04343764
30142.38,0.04343764,1688966083888,30143.93,0.42500000,30142.24,0.00497300
30142.24,0.004973,1688966083888,30143.93,0.42500000,30142.01,0.00331500
30142.01,0.003315,1688966083888,30143.93,0.42500000,30141.47,0.08294219
30141.31,0.05609986,1688966083999,30141.32,0.20051000,30140.37,0.04343764
30140.31,0.04,1688966084051,30140.32,0.23098298,30139.92,0.04343764
30139.22,0.00497,1688966084144,30139.28,0.20051000,30139.22,0.00000300
30139.05,0.00331,1688966084152,30139.28,0.20051000,30139.05,0.00000600
30138.77,0.0331696,1688966084156,30139.23,0.01155775,30137.74,0.04343764
30138.44,0.02663477,1688966084869,30138.45,0.20481000,30138.44,0.14500000
30138.44,0.14499523,1688966084869,30138.45,0.20481000,30138.44,0.00000477
30138.45,0.0033821,1688966085318,30138.45,0.06638990,30138.44,0.00000477
30138.45,0.00241381,1688966086096,30138.45,0.05076719,30138.44,0.02647450
30139.99,0.00400384,1688966087244,30141.01,0.02000000,30139.99,0.08887600
30140,0.00320181,1688966088849,30140.00,0.21730819,30139.99,0.02252000
30140,0.00044366,1688966089469,30140.00,0.31813583,30139.99,0.08252000
30139.99,0.02252,1688966089760,30140.00,0.31813583,30139.99,0.06000000
30139.99,0.00301657,1688966089760,30140.00,0.31813583,30139.99,0.05698343
30140,0.00650231,1688966090060,30140.00,0.30002752,30139.99,0.05698343
30139.99,0.00037437,1688966092402,30140.00,0.08809230,30139.99,0.09982931
30140,0.00077595,1688966092894,30140.00,0.27622035,30139.99,0.11641831
30140,0.00121406,1688966093253,30140.00,0.29159529,30139.99,0.08324031
30140,0.00320181,1688966093263,30140.00,0.28839348,30139.99,0.08324031
30140,0.00124857,1688966093675,30140.00,0.28714491,30139.99,0.08324031
30140,0.00124962,1688966098895,30140.00,0.26930629,30139.99,0.08324031
30140,0.00167551,1688966100932,30140.00,0.29847289,30139.99,0.08939372
30140,0.00158494,1688966102308,30140.00,0.26702495,30139.99,0.09180749
30139.99,0.02587413,1688966102575,30140.00,0.77497170,30139.99,0.06593336
30139.99,0.03073493,1688966102687,30140.00,0.79985070,30139.99,0.03519843
30139.99,0.02663125,1688966102687,30140.00,0.79985070,30139.99,0.00856718
30139.99,0.00615341,1688966102687,30140.00,0.79985070,30139.99,0.00241377
30139.99,0.00241041,1688966102687,30140.00,0.79985070,30139.99,0.00000336
30139.99,0.00000336,1688966102690,30140.00,0.79985070,30138.69,0.09953600
30138.69,0.016589,1688966102690,30140.00,0.79985070,30138.69,0.08294700
30138.69,0.033179,1688966102690,30140.00,0.79985070,30138.69,0.04976800
30138.69,0.033179,1688966102690,30140.00,0.79985070,30138.69,0.01658900
30138.69,0.016589,1688966102690,30140.00,0.79985070,30138.60,0.04297796
30138.6,0.04297796,1688966102690,30140.00,0.79985070,30138.20,0.03983169
30138.2,0.03983169,1688966102690,30140.00,0.79985070,30137.86,0.02939737
30137.86,0.02939737,1688966102690,30140.00,0.79985070,30137.20,0.05864296
30137.2,0.05864296,1688966102693,30140.00,0.56942215,30136.81,0.30176932
30133.76,0.00016506,1688966103187,30133.76,0.20034494,30133.75,0.00829000
30133.59,0.04,1688966103312,30133.60,0.20051000,30133.21,0.00497400
30133.21,0.004974,1688966103319,30133.60,0.20051000,30133.08,0.00331600
30133.08,0.003316,1688966103319,30133.60,0.20051000,30131.47,0.04343764
30132.74,0.016594,1688966104296,30132.74,0.03318700,30132.73,0.14209735
30132.74,0.033187,1688966104296,30133.73,0.05491926,30132.73,0.14209735
30133.73,0.00975367,1688966104296,30133.73,0.04516559,30132.73,0.14209735
30134.76,0.00029744,1688966104494,30134.76,0.07159927,30132.87,0.04343764
30134.71,0.01218113,1688966105335,30134.71,0.02777469,30133.07,0.04343764
30134.7,0.00029595,1688966105770,30134.70,0.05957088,30133.07,0.04343764
30134.69,0.0000581,1688966106863,30134.69,0.08494958,30133.26,0.04343764
30133.31,0.003316,1688966107172,30134.67,0.02000000,30133.27,0.00497400
30133.27,0.004974,1688966107172,30134.67,0.02000000,30133.26,0.04343764
30133.26,0.04343764,1688966107172,30134.67,0.02000000,30133.12,0.04524658
30133.12,0.00288761,1688966107172,30134.67,0.02000000,30133.12,0.04235897
30134.66,0.05182207,1688966107317,30134.67,0.02000000,30133.95,0.03929000
30134.67,0.02,1688966107317,30135.40,0.01659300,30133.95,0.03929000
30135.4,0.016593,1688966107317,30135.55,0.04343764,30133.95,0.03929000
30135.55,0.04343764,1688966107317,30135.69,0.01659300,30133.95,0.03929000
30135.69,0.016593,1688966107317,30136.43,0.04740004,30133.95,0.03929000
30136.45,0.079,1688966107455,30138.21,0.04343764,30135.68,0.01915000
30141.12,0.00033124,1688966108080,30141.12,0.04310640,30139.59,0.02000000
30139.59,0.02,1688966108144,30141.12,0.04310640,30139.58,0.05976915
30139.58,0.02659115,1688966108144,30141.12,0.04310640,30139.58,0.03317800
30139.58,0.016589,1688966108144,30141.12,0.04310640,30139.58,0.01658900
30139.58,0.016589,1688966108144,30141.12,0.04310640,30138.31,0.04343764
30138.31,0.00318793,1688966108144,30141.12,0.04310640,30138.31,0.04024971
30140.01,0.00029744,1688966110356,30140.01,0.05951745,30139.60,0.06970616
30139.61,0.00993671,1688966111304,30140.01,0.05981489,30139.61,0.11006329
30140.01,0.00004342,1688966111359,30140.01,0.05977147,30139.61,0.11006329
30140.01,0.00046933,1688966111497,30140.01,0.05930214,30139.61,0.11006329
30140.01,0.002231,1688966111517,30140.01,0.05707114,30139.61,0.11006329
30140,0.00080617,1688966112187,30140.00,0.05100866,30139.61,0.11006329
30140.28,0.00238866,1688966113474,30140.28,0.12742775,30139.61,0.14324129
30139.61,0.00069675,1688966113634,30140.27,0.06873123,30139.61,0.14254454
30139.62,0.00156919,1688966115600,30140.08,0.00630487,30139.62,0.14101981
30139.63,0.00086304,1688966116584,30139.63,0.23581953,30139.62,0.12443081
30139.63,0.00003334,1688966117042,30139.63,0.25578619,30139.62,0.15760881
30140,0.0006625,1688966118661,30140.00,0.06277514,30139.62,0.15760881
30140.22,0.00108428,1688966119651,30140.22,0.06068278,30139.64,0.05000000
30139.64,0.00010852,1688966119953,30140.22,0.06068278,30139.64,0.04989148
30140.39,0.00077613,1688966121604,30140.39,0.04266151,30139.64,0.06648048
30140.1,0.0016,1688966124277,30140.10,0.01840000,30139.64,0.08306948
30140.12,0.03236426,1688966124851,30140.12,0.01107338,30139.64,0.06648048
30140.15,0.00801719,1688966125313,30140.15,0.01198281,30139.64,0.08306948
30140.34,0.00320259,1688966131017,30140.34,0.00177041,30139.66,0.17464219
30139.66,0.01,1688966132831,30140.35,0.05873042,30139.66,0.16464219
30139.66,0.00132783,1688966132831,30140.35,0.05873042,30139.66,0.16331436
30140.36,0.00003317,1688966134906,30140.36,0.11946444,30139.66,0.18500029
30140.35,0.00213501,1688966135190,30140.35,0.01786499,30139.66,0.16841129
30140.31,0.00798947,1688966139822,30140.31,0.01201053,30139.66,0.17041129
30140.32,0.00320255,1688966139985,30140.32,0.13929359,30139.66,0.18700029
30140.29,0.00830426,1688966143140,30140.29,0.01169574,30139.66,0.17041129
30140.29,0.0162638,1688966143258,30140.29,0.00373620,30139.66,0.18700029
30140.35,0.00077612,1688966145175,30140.35,0.12498569,30139.66,0.17041129
30140.35,0.00017442,1688966145498,30140.35,0.12481127,30139.66,0.18700029
30139.67,0.04880049,1688966146566,30140.33,0.09747060,30139.67,0.02925270
30140.33,0.03955102,1688966148606,30140.33,0.07791958,30139.73,0.07905319
30140.33,0.00000497,1688966148633,30140.33,0.07791461,30139.73,0.07905319
30140.33,0.00276809,1688966149510,30140.33,0.14290046,30139.73,0.07905319
30140.33,0.00645398,1688966149601,30140.33,0.13644648,30139.73,0.07905319
30139.73,0.00012919,1688966153076,30139.74,0.07458708,30139.73,0.16047740
30139.74,0.003316,1688966154324,30139.74,0.07127108,30139.73,0.16060659
30139.74,0.004974,1688966154324,30139.74,0.06629708,30139.73,0.16060659
30139.74,0.04976817,1688966154324,30139.74,0.01652891,30139.73,0.16060659
30139.74,0.01321291,1688966154324,30139.74,0.00331600,30139.73,0.16060659
30139.74,0.003316,1688966154324,30140.32,0.09147534,30139.73,0.16060659
30140.32,0.02268349,1688966154324,30140.32,0.06879185,30139.73,0.16060659
30140.34,0.001171,1688966154411,30140.34,0.01541800,30139.78,0.11300000
30139.8,0.08295312,1688966155701,30140.27,0.00829000,30139.80,0.02810007
30139.8,0.00704688,1688966155718,30140.26,0.03000000,30139.80,0.02105319
30139.8,0.00105319,1688966155718,30140.26,0.03000000,30139.80,0.02000000
30139.8,0.02,1688966155718,30140.26,0.03000000,30139.66,0.00509693
30139.66,0.00509693,1688966156041,30139.67,0.33422103,30139.66,0.01500000
30139.66,0.015,1688966156041,30139.67,0.33422103,30139.58,0.00326830
30139.58,0.0032683,1688966156041,30139.67,0.33422103,30138.85,0.03317800
30138.81,0.00033012,1688966156344,30138.81,0.06342938,30137.69,0.04343764
30138.79,0.00061106,1688966157049,30138.79,0.01938894,30137.99,0.06002764
30138.8,0.003316,1688966158176,30138.80,0.02829000,30137.69,0.04343764
30138.8,0.00153713,1688966158176,30138.80,0.02675287,30137.69,0.04343764
30134.86,0.0125977,1688966159983,30136.73,0.10286600,30134.86,0.06402394
30136.69,0.00033012,1688966161848,30136.69,0.01966988,30135.02,0.04343764
30135.82,0.00092003,1688966163917,30135.82,0.07523209,30135.18,0.04343764
30135.35,0.00631734,1688966164903,30135.35,0.12686666,30135.34,0.04343764
30136.61,0.00129241,1688966165417,30136.61,0.00368159,30135.34,0.07662164
30135.34,0.01311975,1688966165505,30136.61,0.00368159,30135.34,0.06350189
30136.61,0.00233636,1688966165930,30136.61,0.00134523,30135.34,0.06350189
30136.6,0.003316,1688966166428,30136.60,0.02000000,30135.35,0.00100000
30136.6,0.00315603,1688966166428,30136.60,0.01684397,30135.35,0.00100000
30136.6,0.003316,1688966167187,30136.60,0.02000000,30135.35,0.01759100
30136.6,0.00351571,1688966167187,30136.60,0.01648429,30135.35,0.01759100
30136.61,0.00029596,1688966167251,30136.61,0.02104927,30135.35,0.01759100
30135.04,0.00020133,1688966168875,30135.04,0.28013881,30135.03,0.03956292
30135.04,0.00755556,1688966168990,30135.04,0.03909058,30135.03,0.08300056
30136.25,0.00172765,1688966169138,30136.25,0.03145535,30135.19,0.00700000
30136.6,0.01642317,1688966169385,30136.60,0.00357683,30135.35,0.04343764
30135.36,0.02,1688966169507,30136.71,0.02000000,30135.35,0.06002864
30135.35,0.02045335,1688966169507,30136.71,0.02000000,30135.35,0.03957529
30136.51,0.00990368,1688966171162,30136.51,0.01009632,30135.94,0.02065696
30136.52,0.00008557,1688966171400,30136.52,0.01991443,30135.94,0.02065696
30136.52,0.00085444,1688966172137,30136.52,0.01914556,30135.94,0.00406596
30136.69,0.00003318,1688966176898,30136.69,0.08633282,30136.01,0.01500000
30136.61,0.00021401,1688966179562,30136.61,0.01978599,30136.05,0.08900000
30136.6,0.01579557,1688966180052,30136.60,0.02079543,30136.12,0.08400000
30136.13,0.00100792,1688966180711,30136.13,0.10491208,30136.12,0.08400000
30136.13,0.0081329,1688966180727,30136.13,0.09677918,30136.12,0.08400000
30136.13,0.00157714,1688966182622,30136.13,0.12680804,30136.12,0.11718200
30136.13,0.00124864,1688966183165,30136.13,0.14458005,30136.12,0.10059100
30136.13,0.0002628,1688966184617,30136.13,0.20267685,30136.12,0.17041180
30136.13,0.00006396,1688966187870,30136.13,0.00210289,30136.12,0.18805599
30136.13,0.00210289,1688966187908,30136.47,0.08295658,30136.12,0.20464699
30136.47,0.00027462,1688966187908,30136.47,0.08268196,30136.12,0.20464699
30136.22,0.00203457,1688966188721,30136.47,0.08268196,30136.21,0.07905319
30136.47,0.00201143,1688966188721,30136.47,0.08067053,30136.21,0.07905319
30136.25,0.00024756,1688966191111,30136.25,0.18475708,30136.24,0.02105319
30136.25,0.00004992,1688966191111,30136.25,0.18470716,30136.24,0.02105319
30136.25,0.0023656,1688966192707,30136.25,0.20722256,30136.24,0.02105319
30136.24,0.02,1688966193797,30136.25,0.19063156,30136.24,0.07464419
30136.24,0.00105319,1688966193797,30136.25,0.19063156,30136.24,0.07359100
30136.24,0.02522561,1688966193797,30136.25,0.19063156,30136.24,0.04836539
30136.24,0.03177439,1688966194302,30136.25,0.19063156,30136.24,0.01100000
30136.24,0.01099561,1688966194302,30136.25,0.19063156,30136.24,0.00000439
30135.94,0.00006596,1688966194456,30135.95,0.34592632,30135.03,0.03956292
30135.03,0.03956292,1688966194457,30135.95,0.34592632,30134.66,0.02636270
30134.66,0.0263627,1688966194457,30135.95,0.34592632,30134.01,0.06593120
30134.01,0.0659312,1688966194457,30135.95,0.34592632,30133.96,0.61516450
30133.96,0.6151645,1688966194457,30135.95,0.34592632,30133.66,0.03863056
30133.66,0.03863056,1688966194457,30135.95,0.34592632,30133.57,0.65697180
30133.57,0.23028134,1688966194457,30135.95,0.34592632,30133.57,0.42669046
30133.57,0.42669046,1688966194457,30135.95,0.34592632,30132.44,0.00497500
30133.67,0.016592,1688966194464,30135.95,0.49965643,30132.14,0.32635700
30133.81,0.03863,1688966194469,30134.14,0.03315493,30133.81,0.00480764
30134.04,0.04343764,1688966194473,30134.14,0.03315493,30132.30,0.04343764
30132.3,0.01659,1688966194477,30133.13,0.50711038,30132.30,0.02684764
30132.3,0.02684764,1688966194481,30133.13,0.07560743,30131.61,0.31135925
30130.51,0.04,1688966194540,30130.52,0.20051000,30130.28,0.04343764
30126.69,0.00497,1688966195089,30126.70,0.28689800,30126.69,0.00000600
30126.7,0.00016508,1688966195096,30126.70,0.08622292,30126.39,0.00826775
30126.39,0.00826,1688966195110,30126.40,0.20051000,30126.39,0.00000775
30124.77,0.00023112,1688966196214,30124.77,0.04774877,30123.72,0.06003564
30124.79,0.00049525,1688966197139,30124.79,0.01950475,30123.98,0.00379737
30126.82,0.03717702,1688966198913,30126.98,0.12485998,30126.81,0.00378182
30126.81,0.00378182,1688966198913,30126.98,0.12485998,30126.37,0.00331700
30126.37,0.003317,1688966198913,30126.98,0.12485998,30126.28,0.01659600
30126.28,0.016596,1688966198913,30126.98,0.12485998,30126.27,0.04343764
30126.27,0.04343764,1688966198913,30126.98,0.12485998,30126.25,0.01659600
30126.25,0.016596,1688966198913,30126.98,0.12485998,30126.24,0.00497600
30126.24,0.004976,1688966198913,30126.98,0.12485998,30125.74,0.00331700
30125.74,0.003317,1688966198913,30126.98,0.12485998,30125.46,0.06638600
30125.46,0.033193,1688966198913,30126.98,0.12485998,30125.46,0.03319300
30125.46,0.01674805,1688966198913,30126.98,0.12485998,30125.46,0.01644495
30126.97,0.00049276,1688966199036,30126.97,0.01950724,30126.83,0.08291971
30126.94,0.00164254,1688966200610,30126.94,0.08474346,30126.14,0.00100000
30126.14,0.00032486,1688966202201,30126.15,0.21498502,30126.14,0.00067514
30126.99,0.00037938,1688966203139,30126.99,0.13214660,30125.96,0.04543764
30126.05,0.002,1688966208444,30126.90,0.02000000,30126.03,0.06003464
30126.03,0.00875425,1688966208444,30126.90,0.02000000,30126.03,0.05128039
30126.05,0.00049493,1688966213679,30126.05,0.21811851,30126.04,0.08200000
30126.05,0.00028733,1688966216076,30126.05,0.07503464,30126.04,0.16497157
30126.05,0.00023036,1688966216302,30126.05,0.07480428,30126.04,0.16497157
30126.05,0.00001615,1688966217159,30126.05,0.09138613,30126.04,0.16497157
30126.04,0.00033612,1688966217786,30126.05,0.00840113,30126.04,0.18123245
30127.63,0.00257243,1688966224622,30127.63,0.07385057,30126.20,0.08000000
30127.6,0.00030263,1688966225192,30127.60,0.01969737,30126.20,0.08000000
30127.58,0.00003561,1688966225568,30127.58,0.01157439,30126.22,0.13900000
30126.22,0.139,1688966227215,30126.72,0.13900000,30126.21,0.09911753
30126.21,0.09911753,1688966227215,30126.72,0.13900000,30126.20,0.02660448
30126.2,0.02660448,1688966227215,30126.72,0.13900000,30125.91,0.01659700
30125.91,0.00077644,1688966228646,30125.91,0.00079632,30125.11,0.07700000
30125.91,0.00079632,1688966229081,30126.96,0.08374133,30125.11,0.07700000
30126.96,0.0009785,1688966229081,30126.96,0.08276283,30125.11,0.07700000
30125.11,0.00333598,1688966230842,30126.80,0.07453559,30125.11,0.08966402
30126.95,0.00749204,1688966231343,30126.95,0.01128234,30125.28,0.00331700
30126.76,0.00029756,1688966233093,30126.76,0.10076570,30125.34,0.00331700
30126.21,0.00105586,1688966234639,30126.21,0.06202857,30125.00,0.01659700
30125,0.0117344,1688966235325,30126.09,0.06255650,30125.00,0.00486260
30126.1,0.00003236,1688966236012,30126.10,0.01996764,30125.00,0.11800000
30126.2,0.00226769,1688966237159,30126.20,0.01773231,30125.00,0.13459700
30121.64,0.00315984,1688966242629,30121.64,0.23054916,30121.63,0.01129300
30121.64,0.00157771,1688966243655,30121.64,0.23213129,30121.63,0.01129300
30121.63,0.003,1688966245175,30121.64,0.27055921,30121.63,0.13405320
30121.63,0.133,1688966245175,30121.64,0.27055921,30121.63,0.00105320
30121.63,0.0010532,1688966245175,30121.64,0.27055921,30121.40,0.02639401
30121.4,0.02639401,1688966245175,30121.64,0.27055921,30120.72,0.30327782
30118.98,0.00402971,1688966245852,30118.98,0.24465429,30118.97,0.00829500
30118.97,0.01255,1688966248542,30118.98,0.27750288,30118.97,0.10845000
30118.98,0.00011619,1688966249476,30118.98,0.27738669,30118.97,0.11674500
30118.98,0.01026027,1688966251235,30118.98,0.21548100,30118.97,0.97326010
30118.98,0.00698126,1688966251235,30118.98,0.20849974,30118.97,0.97326010
30118.98,0.18228,1688966251386,30119.79,0.01660100,30118.97,0.97326010
30120.72,0.00092055,1688966251838,30120.72,0.06548045,30119.01,0.00497600
30120.71,0.01619084,1688966252189,30120.71,0.00380916,30119.03,0.01161300
30119.07,0.00316056,1688966253664,30119.07,0.11017101,30119.06,0.12478600
30119.07,0.00211844,1688966254032,30119.07,0.03108356,30119.06,0.96264320
30119.07,0.00021,1688966254057,30120.49,0.08640400,30119.07,0.01579000
30120.8,0.02,1688966257059,30120.81,0.06640200,30119.26,0.02429500
30120.81,0.00155164,1688966257059,30120.81,0.06485036,30119.26,0.02429500
30120.81,0.00032441,1688966257068,30120.81,0.03287659,30119.27,0.02000000
30119.36,0.004976,1688966258475,30120.83,0.08640000,30119.36,0.00663600
30119.36,0.003318,1688966258475,30120.83,0.08640000,30119.36,0.00331800
30119.36,0.0018142,1688966258475,30120.83,0.08640000,30119.36,0.00150380
30120.83,0.00363505,1688966259389,30120.83,0.08276695,30119.43,0.00829500
30119.56,0.00025422,1688966261009,30120.07,0.06640200,30119.56,0.02804078
30119.56,0.00027121,1688966261030,30120.07,0.06640200,30119.56,0.02776957
30120.82,0.00016493,1688966266304,30120.82,0.39465540,30120.81,0.04137998
30120.82,0.09285535,1688966266518,30120.84,0.02638084,30120.81,0.13623998
30120.84,0.02638084,1688966266518,30120.86,0.08300415,30120.81,0.13623998
30120.86,0.08300415,1688966266518,30121.10,0.04979899,30120.81,0.13623998
30121.1,0.04979899,1688966266518,30121.51,0.02958824,30120.81,0.13623998
30121.51,0.02958824,1688966266518,30121.55,0.03893898,30120.81,0.13623998
30121.55,0.03893898,1688966266518,30122.93,0.08299325,30120.81,0.13623998
30124.85,0.00000805,1688966267195,30124.85,0.01999195,30122.57,0.08510256
30124.69,0.00004398,1688966268833,30124.69,0.01995602,30123.28,0.02000000
30124.56,0.00003484,1688966269317,30124.56,0.04340280,30123.28,0.76326900
30123.41,0.00986053,1688966271201,30123.41,0.05653347,30123.40,0.86692100
30124.08,0.00132117,1688966271764,30124.08,0.08830785,30123.40,0.86692100
30124.05,0.00125561,1688966272607,30124.05,0.13323411,30123.42,0.05100000
30124.04,0.0191912,1688966273038,30124.04,0.01080880,30123.42,0.05100000
30123.45,0.00013246,1688966273959,30123.45,0.01646554,30123.44,0.12553100
30123.97,0.00033029,1688966274046,30123.97,0.01966971,30123.46,0.07300000
30123.95,0.00061137,1688966274292,30123.95,0.01938863,30123.46,0.07300000
30123.46,0.00310395,1688966274669,30123.94,0.03000000,30123.46,0.06989605
30124.29,0.00077652,1688966276704,30124.29,0.04901736,30123.46,0.85968705
30124.29,0.000046,1688966276731,30124.29,0.04897136,30123.46,0.85968705
30124.29,0.0002976,1688966277123,30124.29,0.04867376,30123.46,0.85968705
30124.29,0.00044399,1688966277404,30124.29,0.08142577,30123.46,0.85968705
30124.25,0.0002976,1688966278545,30124.25,0.09941384,30123.48,0.11700000
30124.25,0.00077652,1688966278623,30124.25,0.09863732,30123.48,0.11700000
30124.25,0.00018287,1688966278786,30124.25,0.09845445,30123.48,0.11700000
30124.21,0.00165145,1688966280282,30124.21,0.08133845,30123.48,0.90700400
30124.21,0.00158578,1688966280906,30124.21,0.07975267,30123.48,0.90700400
30124.21,0.00000713,1688966281140,30124.21,0.07974554,30123.48,0.90700400
30124.11,0.02,1688966284524,30124.12,0.03000000,30123.53,0.16000000
30124.12,0.02831019,1688966284524,30124.12,0.00168981,30123.53,0.16000000
30124.12,0.00164318,1688966284679,30124.12,0.00004663,30123.53,0.16000000
30123.54,0.0013,1688966285371,30123.54,0.29780694,30123.53,0.16000000
30123.54,0.00320425,1688966286166,30123.54,0.04659069,30123.53,0.19319600
30124.07,0.0004,1688966286366,30124.07,0.05887633,30123.53,0.19319600
30123.54,0.00013245,1688966287782,30123.54,0.22445949,30123.53,0.16000000
30123.53,0.06637138,1688966290093,30123.54,0.27665649,30123.53,0.09362862
30123.53,0.0012284,1688966292267,30123.54,0.20347066,30123.53,0.10899822
30123.54,0.00821597,1688966293027,30123.54,0.08503469,30123.53,0.89322622
30123.54,0.00065729,1688966294252,30123.54,0.23851540,30123.53,0.87662822
30123.53,0.07240022,1688966294855,30123.54,0.64691740,30123.53,0.80422800
30123.53,0.01059695,1688966294855,30123.54,0.64691740,30123.53,0.79363105
30123.53,0.773206,1688966294861,30123.54,0.64691740,30123.53,0.01102200
30123.53,0.011022,1688966294861,30123.54,0.64691740,30123.46,0.00039000
30123.46,0.00039,1688966294872,30123.47,0.61568903,30123.45,0.10000000
30123.45,0.09961,1688966294872,30123.47,0.61568903,30123.45,0.00039000
30122.31,0.00284437,1688966295647,30122.31,0.28550665,30122.30,0.79653300
30122.3,0.00010623,1688966296366,30122.31,0.22089665,30122.30,0.86698581
30122.31,0.00318815,1688966296691,30122.31,0.64270850,30122.30,0.86698581
30122.3,0.79642677,1688966297898,30122.31,0.69006536,30122.30,0.07055904
30122.3,0.00355904,1688966297898,30122.31,0.69006536,30122.30,0.06700000
30122.3,0.047,1688966297898,30122.31,0.69006536,30122.30,0.02000000
30122.3,0.02,1688966297898,30122.31,0.69006536,30121.55,0.03875073
30119.04,0.00013179,1688966299210,30119.04,0.27717597,30119.03,0.91646800
30119.03,0.02,1688966301149,30119.04,0.24426676,30119.03,0.89315000
30119.03,0.373703,1688966301149,30119.04,0.24426676,30119.03,0.51944700
30119.03,0.38074808,1688966301152,30119.04,0.24426676,30119.03,0.13869892
30119.03,0.04369892,1688966301153,30119.04,0.24426676,30119.03,0.09500000
30119.03,0.095,1688966301153,30119.04,0.24426676,30118.28,0.03925424
30118.28,0.03925424,1688966301153,30119.04,0.24426676,30118.24,0.02933224
30118.24,0.02933224,1688966301153,30119.04,0.24426676,30117.87,0.32521516
30117.62,0.00394376,1688966303656,30117.62,0.28312503,30117.61,0.94354300
30117.62,0.01,1688966304132,30118.07,0.04980486,30117.61,0.88954300
30117.61,0.008083,1688966304132,30118.07,0.04980486,30117.61,0.88146000
30117.61,0.01286085,1688966304132,30118.07,0.04980486,30117.61,0.86859915
30118.99,0.00032437,1688966305208,30118.99,0.10248288,30117.66,0.87671219
30119.03,0.00006474,1688966306810,30119.03,0.19423743,30118.81,0.81795119
30119.19,0.00092058,1688966307380,30119.19,0.07002576,30118.81,0.83580619
30118.81,0.00084489,1688966308422,30119.19,0.07002576,30118.81,0.83496130
30118.81,0.00017528,1688966311423,30118.82,0.15333200,30118.81,0.84767818
30118.82,0.00158576,1688966311961,30118.82,0.15174624,30118.81,0.84767818
30118.82,0.00316089,1688966313037,30118.82,0.18527311,30118.81,0.84767818
30118.82,0.0007728,1688966313585,30118.82,0.15129831,30118.81,0.84767818
30118.82,0.00061149,1688966313844,30118.82,0.13408582,30118.81,0.84767818
30118.82,0.00317669,1688966314811,30118.82,0.18071213,30118.81,0.84767818
30118.82,0.00077666,1688966315215,30118.82,0.17993547,30118.81,0.84767818
30118.81,0.000046,1688966316155,30118.82,0.17993547,30118.81,0.84763218
30118.82,0.00236693,1688966317375,30118.82,0.14436654,30118.81,0.84763218
30118.82,0.00158603,1688966318036,30118.82,0.14278051,30118.81,0.84763218
30118.89,0.04980264,1688966318963,30119.16,0.08693484,30118.81,0.84763218
30119.16,0.08693484,1688966318963,30120.21,0.08000000,30118.81,0.84763218
30120.21,0.08,1688966318963,30120.25,0.08300065,30118.81,0.84763218
30120.25,0.0355728,1688966318963,30120.25,0.04742785,30118.81,0.84763218
30120.25,0.04742785,1688966318963,30120.92,0.08300398,30118.81,0.84763218
30120.92,0.08300398,1688966318963,30121.32,0.11873044,30118.81,0.84763218
30121.32,0.11873044,1688966318963,30121.48,0.08000000,30118.81,0.84763218
30119.3,0.003318,1688966318967,30120.20,0.00499940,30118.88,0.07253443
30120.2,0.0049994,1688966318967,30121.48,0.08000000,30118.88,0.07253443
30123.23,0.00237888,1688966319583,30123.23,0.04105876,30121.96,0.01765219
30123.24,0.00957716,1688966320142,30123.24,0.12025648,30121.96,0.01765219
30123.24,0.00013247,1688966321358,30123.24,0.12012401,30121.96,0.79484119
30123.2,0.02673,1688966321941,30123.21,0.04343764,30123.20,0.00880119
30123.2,0.00105319,1688966321941,30123.21,0.04343764,30123.20,0.00774800
30123.2,0.007748,1688966321941,30123.21,0.04343764,30122.72,0.01659900
30122.72,0.016599,1688966321941,30123.21,0.04343764,30121.01,0.00331800
30121.01,0.003318,1688966321941,30123.21,0.04343764,30120.97,0.04343764
30120.97,0.04343764,1688966321941,30123.21,0.04343764,30120.87,0.00497600
30120.87,0.004976,1688966321941,30123.21,0.04343764,30120.72,0.03364360
30120.72,0.0336436,1688966321941,30123.21,0.04343764,30120.71,0.03319800
30120.71,0.033198,1688966321941,30123.21,0.04343764,30120.70,0.02658662
30120.7,0.01811428,1688966321941,30123.21,0.04343764,30120.70,0.00847234
30123.23,0.0007728,1688966322144,30123.23,0.04266484,30120.75,0.01682180
30122.88,0.00318866,1688966323537,30122.88,0.01681134,30121.70,0.02669126
30121.71,0.003,1688966324279,30121.99,0.00170000,30121.71,0.88601807
30121.71,0.00152057,1688966324279,30121.99,0.00170000,30121.71,0.88449750
30121.71,0.04155707,1688966324824,30121.99,0.00170000,30121.71,0.84564843
30121.99,0.0017,1688966324883,30123.06,0.07663564,30121.71,0.84564843
30123.06,0.0014887,1688966324883,30123.06,0.07514694,30121.71,0.84564843
30123.05,0.0048566,1688966325551,30123.05,0.01514340,30121.72,0.11900000
30122.72,0.00137907,1688966328200,30122.72,0.04841798,30121.73,0.79933400
30123.15,0.02133385,1688966329156,30123.15,0.02210379,30121.75,0.77301500
30123.15,0.00000829,1688966329186,30123.15,0.02209550,30121.75,0.77301500
30123.24,0.00000033,1688966329214,30123.24,0.04343731,30121.75,0.77301500
30123.21,0.00825896,1688966329812,30123.21,0.05177768,30121.75,0.80005900
30123.02,0.00165179,1688966331529,30123.02,0.04178585,30121.77,0.25049746
30121.77,0.005,1688966331902,30123.15,0.04343764,30121.77,0.28346046
30121.77,0.00048,1688966331902,30123.15,0.04343764,30121.77,0.28298046
30121.77,0.00009291,1688966332855,30123.15,0.06343764,30121.77,1.00672455
30123.15,0.00016516,1688966334110,30123.15,0.09647048,30121.77,1.00735455
30123.15,0.01038577,1688966334692,30123.15,0.08608471,30121.77,1.00735455
30122.85,0.00082579,1688966337466,30122.85,0.06557021,30121.78,0.91610600
30122.78,0.00108487,1688966338625,30122.78,0.04235277,30121.78,0.91610600
30122.8,0.00200935,1688966339422,30122.80,0.11866361,30121.78,0.91610600
30122.8,0.00170933,1688966339965,30122.80,0.06101417,30121.78,0.91610600
30123.24,0.00037828,1688966342308,30123.24,0.08946921,30122.55,0.88330700
30123.19,0.00492976,1688966343091,30123.19,0.10490288,30122.55,0.88899400
30123.24,0.009671,1688966344381,30123.24,0.00354185,30122.56,0.09551860
30123.17,0.00046579,1688966345774,30123.17,0.04297185,30122.57,0.87530400
30123.19,0.00050974,1688966346115,30123.19,0.04928626,30122.57,0.89627800
30123.24,0.00187366,1688966347587,30123.24,0.01826719,30122.57,0.89190300
30123.24,0.00166819,1688966349739,30123.24,0.10136747,30123.23,0.95520100
30123.24,0.00465281,1688966349739,30123.24,0.09671466,30123.23,0.95520100
30123.24,0.00164325,1688966350402,30123.24,0.09507141,30123.23,0.95520100
30123.24,0.00056302,1688966351226,30123.24,0.09450839,30123.23,0.97179900
30123.24,0.00221341,1688966353662,30123.24,0.05909798,30123.23,0.97511600
30123.23,0.0016679,1688966353725,30123.24,0.05909798,30123.23,0.97013110
30123.24,0.00158582,1688966354023,30123.24,0.05751216,30123.23,0.95353310
30123.24,0.00016549,1688966354183,30123.24,0.05734667,30123.23,0.95353310
30123.23,0.02785958,1688966354929,30123.24,0.09054367,30123.23,0.97663142
30123.24,0.00029761,1688966354942,30123.24,0.09024606,30123.23,0.97663142
30123.24,0.00663671,1688966355303,30123.24,0.01721535,30123.23,0.99322942
30123.23,0.08914042,1688966356064,30123.24,0.01721535,30123.23,0.83611900
30123.23,0.003317,1688966356064,30123.24,0.01721535,30123.23,0.83280200
30123.23,0.004976,1688966356064,30123.24,0.01721535,30123.23,0.82782600
30123.23,0.04580044,1688966356064,30123.24,0.01721535,30123.23,0.78202556
30123.24,0.00632101,1688966356748,30123.24,0.04409134,30123.23,0.76672356
30123.24,0.00164325,1688966360070,30123.24,0.08768466,30123.23,0.87554556
30123.24,0.0025283,1688966360445,30123.24,0.05195936,30123.23,0.97029259
30123.23,0.04524521,1688966361581,30123.24,0.08515636,30123.23,0.91267038
30123.23,0.00049795,1688966362089,30123.24,0.08515636,30123.23,0.98135143
30123.24,0.00003336,1688966362089,30123.24,0.08512300,30123.23,0.98135143
30123.24,0.0006114,1688966363109,30123.24,0.08451160,30123.23,0.98913843
30123.24,0.00320433,1688966365786,30123.24,0.04811027,30123.23,0.86699663
30123.24,0.00016178,1688966366059,30123.24,0.04794849,30123.23,0.86699663
30123.23,0.00000498,1688966366962,30123.24,0.01475149,30123.23,0.96915165
30123.24,0.00077656,1688966370749,30123.24,0.04717193,30123.23,0.98585965
30123.23,0.00024997,1688966371801,30123.24,0.01397493,30123.23,0.87566368
30123.24,0.00180757,1688966372523,30123.24,0.60631029,30123.23,0.79982465
30123.24,0.00012779,1688966372885,30123.24,0.50888950,30123.23,0.77590265
30123.24,0.00307654,1688966372885,30123.24,0.50581296,30123.23,0.77590265
30123.24,0.00034541,1688966373556,30123.24,0.08046755,30123.23,0.81614465
30123.24,0.00004107,1688966375252,30123.24,0.11362348,30123.23,0.78100236
30123.24,0.00151046,1688966376289,30123.24,0.58690846,30123.23,0.79664736
30123.24,0.00341521,1688966376289,30123.24,0.58349325,30123.23,0.79664736
30123.24,0.00317626,1688966377063,30123.24,0.58325090,30123.23,0.78100236
30123.23,0.00061049,1688966377839,30123.24,0.12936119,30123.23,0.82585487
30123.24,0.00003997,1688966378366,30123.24,0.06292722,30123.23,0.78039187
30123.24,0.00043465,1688966379773,30123.24,0.09023364,30123.23,0.83495291
30123.24,0.00293391,1688966379773,30123.24,0.08729973,30123.23,0.83495291
30123.24,0.00012386,1688966379773,30123.24,0.08717587,30123.23,0.83495291
30123.24,0.00320433,1688966381664,30123.24,0.09080154,30123.23,0.90708691
30123.24,0.00044401,1688966382141,30123.24,0.09035753,30123.23,0.83495291
30123.23,0.03337495,1688966383508,30123.24,0.09035753,30123.23,0.80157796
30123.24,0.0088378,1688966383982,30123.24,0.08151973,30123.23,0.87520696
30123.24,0.00829573,1688966383982,30123.24,0.07322400,30123.23,0.87520696
30123.24,0.033197,1688966383982,30123.24,0.04002700,30123.23,0.87520696
30123.24,0.00683,1688966383982,30123.24,0.03319700,30123.23,0.87520696
30123.24,0.033197,1688966383982,30123.54,0.01025872,30123.23,0.87520696
30123.54,0.01025872,1688966383982,30123.81,0.02649800,30123.23,0.87520696
30123.81,0.00545022,1688966383982,30123.81,0.02104778,30123.23,0.87520696
30123.24,0.00004214,1688966384021,30123.24,0.00166213,30123.23,0.87520696
30123.24,0.00000033,1688966384055,30123.24,0.00166180,30123.23,0.89180496
30123.23,0.00010665,1688966384583,30123.24,0.00166180,30123.23,0.83528731
30123.23,0.00200935,1688966386473,30123.24,0.01166180,30123.23,0.95152596
30123.24,0.0016618,1688966388831,30123.24,0.01000000,30123.23,0.96373696
30123.24,0.00154253,1688966388831,30123.24,0.00845747,30123.23,0.96373696
30123.24,0.00281291,1688966390020,30123.24,0.00564456,30123.23,0.87856696
30123.24,0.00564456,1688966390724,30123.81,0.02104778,30123.23,0.87190396
30123.81,0.00444978,1688966390724,30123.81,0.01659800,30123.23,0.87190396
30123.81,0.0030607,1688966390724,30123.81,0.01353730,30123.23,0.87190396
30124.53,0.00008303,1688966390771,30124.56,0.29477086,30123.81,0.11000000
30124.56,0.00006418,1688966390771,30124.56,0.29470668,30123.81,0.11000000
30124.99,0.00948122,1688966392353,30124.99,0.18457727,30124.98,0.88718606
30124.99,0.00051419,1688966394935,30124.99,0.19517638,30124.98,0.83994503
30124.98,0.0162631,1688966398017,30124.99,0.28154930,30124.98,0.81647893
30124.98,0.0010532,1688966400733,30124.99,0.28984230,30124.98,0.86278983
30124.98,0.00037879,1688966400733,30124.99,0.28984230,30124.98,0.86241104
30124.99,0.00003303,1688966401567,30124.99,0.29337324,30124.98,0.75971204
30124.99,0.00025597,1688966402739,30124.99,0.29311727,30124.98,0.87225304
30124.99,0.03238173,1688966403528,30124.99,0.26073554,30124.98,0.81249716
30124.99,0.0049713,1688966404587,30124.99,0.26405724,30124.98,0.79928816
30124.98,0.00229418,1688966404925,30124.99,0.26405724,30124.98,0.88583498
30124.98,0.00663901,1688966406599,30124.99,0.25576424,30124.98,0.82029097
30124.98,0.00185755,1688966407278,30124.99,0.25576424,30124.98,0.87647342
30124.99,0.00124913,1688966407486,30124.99,0.25451511,30124.98,0.87647342
30124.99,0.00989875,1688966407828,30124.99,0.24461636,30124.98,0.87647342
30124.99,0.00035689,1688966408545,30124.99,0.24425947,30124.98,0.84626342
30124.99,0.00003485,1688966408818,30124.99,0.24422462,30124.98,0.88009342
30124.99,0.00013245,1688966410152,30124.99,0.24906817,30124.98,0.84735742
30124.99,0.00519244,1688966411068,30124.99,0.19459143,30124.98,0.90935331
30124.99,0.00006628,1688966412557,30124.99,0.21112315,30124.98,0.90959031
30124.99,0.00105168,1688966412736,30124.99,0.21007147,30124.98,0.89299231
30124.99,0.03642807,1688966412947,30124.99,0.18193640,30124.98,0.83247831
30124.99,0.00061137,1688966414256,30124.99,0.15643403,30124.98,0.83247831
30124.99,0.00131452,1688966414516,30124.99,0.15511951,30124.98,0.90314131
30124.99,0.00015595,1688966415309,30124.99,0.15496356,30124.98,0.83247831
30124.99,0.0002961,1688966416473,30124.99,0.15466746,30124.98,0.83247831
30124.99,0.03286308,1688966417540,30124.99,0.20538189,30124.98,0.89976531
30124.99,0.00225605,1688966420181,30124.99,0.20312584,30124.98,0.83247831
30124.98,0.00334295,1688966420404,30124.99,0.20312584,30124.98,0.82913536
30124.99,0.00199468,1688966424696,30124.99,0.20113116,30124.98,0.89107236
30124.99,0.00027349,1688966425375,30124.99,0.20085767,30124.98,0.89759436
30124.98,0.00036515,1688966426438,30124.99,0.20085767,30124.98,0.82877021
30124.99,0.01905027,1688966428539,30124.99,0.19840540,30124.98,0.87712821
30124.99,0.08029624,1688966428539,30124.99,0.11810916,30124.98,0.87712821
30124.99,0.00003948,1688966428574,30124.99,0.11806968,30124.98,0.87712821
30124.99,0.00000033,1688966428607,30124.99,0.25484260,30124.98,0.87712821
30124.98,0.00603486,1688966428959,30124.99,0.93914070,30124.98,0.77875446
30124.99,0.00237842,1688966431875,30124.99,0.27953574,30124.98,0.88685946
30124.99,0.00365845,1688966433120,30124.99,0.27587729,30124.98,0.89347046
30124.99,0.01185697,1688966433120,30124.99,0.26402032,30124.98,0.89347046
30124.99,0.00423595,1688966433120,30124.99,0.25978437,30124.98,0.89347046
30124.99,0.00074005,1688966433206,30124.99,0.25904432,30124.98,0.87687246
30124.99,0.00242006,1688966433206,30124.99,0.25662426,30124.98,0.87687246
30124.99,0.00089694,1688966433973,30124.99,0.27730132,30124.98,0.89840946
30124.99,0.00571183,1688966433973,30124.99,0.27158949,30124.98,0.89840946
30124.99,0.00330291,1688966436868,30124.99,0.25500558,30124.98,0.91219546
30124.98,0.55173624,1688966437086,30124.99,0.89572690,30124.98,0.36045922
30124.98,0.07277427,1688966437097,30124.99,1.70640663,30124.98,0.28768495
30124.98,0.02667383,1688966437097,30124.99,1.70640663,30124.98,0.26101112
30124.98,0.018994,1688966437097,30124.99,1.70640663,30124.98,0.24201712
30124.98,0.03957612,1688966437097,30124.99,1.70640663,30124.98,0.20244100
30124.98,0.102,1688966437097,30124.99,1.70640663,30124.98,0.10044100
30124.98,0.07043178,1688966437097,30124.99,1.70640663,30124.98,0.03000922
30124.98,0.03000922,1688966437101,30124.99,0.89572690,30124.21,0.03812796
30123.23,0.00509971,1688966437164,30123.94,0.42500000,30123.23,0.00062000
30123.23,0.00062,1688966437164,30123.94,0.42500000,30123.10,0.10000000
30123.1,0.1,1688966437164,30123.94,0.42500000,30122.75,0.10000000
30122.75,0.1,1688966437164,30123.94,0.42500000,30122.55,0.00041000
30122.55,0.00041,1688966437501,30122.56,0.87330785,30121.77,0.00063000
30121.83,0.00003336,1688966437893,30121.83,0.00494364,30121.78,0.04513593
30121.83,0.00139307,1688966438064,30121.83,0.00355057,30121.78,0.04908993
30121.83,0.00044398,1688966438136,30121.83,0.01970559,30121.82,0.10960742
30121.82,0.01315504,1688966439513,30121.84,0.00497700,30121.82,0.86507538
30121.83,0.01619033,1688966440140,30121.83,0.02680439,30121.82,0.89164338
30121.83,0.00316011,1688966441205,30121.83,0.02364428,30121.82,0.89163638
30121.84,0.00011158,1688966441380,30121.84,0.00486542,30121.82,0.89163638
30121.84,0.00331,1688966441577,30121.84,0.00155542,30121.82,0.87503738
30121.84,0.00155542,1688966442703,30121.84,0.01461000,30121.82,0.88796038
30121.84,0.01424581,1688966442703,30121.84,0.00036419,30121.82,0.88796038
30121.84,0.00036419,1688966443730,30121.86,0.00497700,30121.82,0.87503738
30121.86,0.00024411,1688966443730,30121.86,0.00473289,30121.82,0.87503738
30121.86,0.00174207,1688966444330,30121.86,0.00299082,30121.82,0.89558604
30121.86,0.04740831,1688966447459,30121.86,0.01719075,30121.85,0.97651036
30121.85,0.00025468,1688966450126,30121.86,0.04800005,30121.85,0.97625568
30121.86,0.00059175,1688966450957,30121.86,0.04740830,30121.85,0.99285468
30121.86,0.00023257,1688966450957,30121.86,0.04717573,30121.85,0.99285468
30121.86,0.00000033,1688966450984,30121.86,0.04717540,30121.85,0.99285468
30121.86,0.00711851,1688966452558,30121.86,0.04005689,30121.85,1.03896468
30121.85,0.00197032,1688966453698,30121.86,0.04005689,30121.85,1.03699436
30121.85,0.00317956,1688966454248,30121.86,0.04005689,30121.85,0.97110580
30121.85,0.00018366,1688966454301,30121.86,0.04005689,30121.85,0.97092214
30121.85,0.0066397,1688966454473,30121.86,0.04005689,30121.85,0.96428244
30121.85,0.00010033,1688966454633,30121.86,0.04005689,30121.85,0.96418211
30122.53,0.00016516,1688966460318,30122.53,0.00315284,30122.52,1.07303414
30122.53,0.00036369,1688966461948,30122.53,0.00776515,30122.52,1.11263314
30122.52,0.0004051,1688966463578,30122.53,0.01283515,30122.52,1.11222804
30122.53,0.00278915,1688966464790,30122.53,0.01004600,30122.52,1.09634904
30122.53,0.004976,1688966464790,30122.53,0.00507000,30122.52,1.09634904
30122.53,0.00037174,1688966464790,30122.53,0.00469826,30122.52,1.09634904
30122.52,0.00057542,1688966468488,30122.53,0.15520801,30122.52,0.93096224
30122.53,0.00029762,1688966469591,30122.53,0.15491039,30122.52,0.93552524
30122.53,0.00440064,1688966470598,30122.53,0.04818775,30122.52,0.93267544
30122.53,0.00120229,1688966470598,30122.53,0.04698546,30122.52,0.93267544
30122.53,0.00377371,1688966471444,30122.53,0.59358375,30122.52,0.91892624
30122.53,0.00254736,1688966471444,30122.53,0.59103639,30122.52,0.91892624
30122.53,0.00024858,1688966473225,30122.53,0.16310481,30122.52,0.92327124
30122.53,0.00052206,1688966473975,30122.53,0.16258275,30122.52,0.92327124
30122.53,0.003318,1688966473975,30122.53,0.15926475,30122.52,0.92327124
30122.53,0.00028924,1688966473975,30122.53,0.15897551,30122.52,0.92327124
30122.53,0.00157792,1688966474825,30122.53,0.01312359,30122.52,0.94006236
30122.52,0.00030224,1688966475255,30122.53,0.02972259,30122.52,0.93976012
30122.52,0.00003114,1688966475255,30122.53,0.02972259,30122.52,0.93972898
30122.53,0.00151059,1688966476664,30122.73,0.09719706,30122.52,1.00177697
30122.73,0.00180741,1688966476664,30122.73,0.09538965,30122.52,1.00177697
30122.74,0.00003319,1688966476709,30122.74,0.03316481,30122.55,0.10600000
30122.66,0.02,1688966480255,30123.49,0.04979503,30122.63,0.01389000
30123.49,0.04979503,1688966480262,30123.71,0.08299628,30122.63,0.01389000
30123.71,0.08299628,1688966480262,30124.22,0.00108619,30122.63,0.01389000
30124.22,0.00108619,1688966480262,30124.55,0.08298881,30122.63,0.01389000
30124.55,0.08298881,1688966480262,30125.00,0.29478259,30122.63,0.01389000
30125,0.26810567,1688966480262,30125.00,0.02667692,30122.63,0.01389000
30125,0.02667692,1688966480262,30125.23,0.00004975,30122.63,0.01389000
30125.23,0.00004975,1688966480262,30125.46,0.07800000,30122.63,0.01389000
30125.46,0.078,1688966480262,30125.62,0.43177026,30122.63,0.01389000
30125.62,0.08400009,1688966480262,30125.62,0.34777017,30122.63,0.01389000
30125.62,0.09626546,1688966480262,30125.62,0.25150471,30122.63,0.01389000
30125.62,0.25150471,1688966480262,30125.89,0.16597024,30122.63,0.01389000
30123.87,0.003317,1688966480262,30125.89,0.16597024,30122.63,0.01389000
30125.89,0.16597024,1688966480262,30125.96,0.30044257,30122.63,0.01389000
30125.96,0.30044257,1688966480262,30125.97,0.03320413,30122.63,0.01389000
30125.97,0.03320413,1688966480262,30125.99,0.00497600,30122.63,0.01389000
30125.99,0.004976,1688966480262,30126.01,0.08000000,30122.63,0.01389000
30126.01,0.03756771,1688966480262,30126.01,0.04243229,30122.63,0.01389000
30123.57,0.04779656,1688966480273,30125.75,0.06755513,30122.70,0.42500000
30125.75,0.06755513,1688966480273,30125.87,0.03983448,30122.70,0.42500000
30125.87,0.03983448,1688966480273,30126.01,0.04243229,30122.70,0.42500000
30126.01,0.04243229,1688966480273,30126.83,0.31873095,30122.70,0.42500000
30123.7,0.0504495,1688966480278,30126.83,0.31873095,30123.40,0.18228000
30126.37,0.00001836,1688966482032,30126.37,0.00495764,30125.03,0.02000000
30126.61,0.00049298,1688966484281,30126.61,0.00282402,30125.14,0.08974477
30126.51,0.00029612,1688966485076,30126.51,0.00633788,30125.21,0.08974477
30126.36,0.00158585,1688966485635,30126.36,0.00173115,30125.21,0.12293877
30126.24,0.00020387,1688966487073,30126.25,0.03161000,30126.24,0.02312230
30126.25,0.004976,1688966487392,30126.25,0.04323100,30126.24,0.02312230
30126.25,0.00122297,1688966487392,30126.25,0.04200803,30126.24,0.02312230
30126.4,0.02,1688966490905,30126.41,0.02332700,30126.40,0.86469900
30126.4,0.06299224,1688966490905,30126.41,0.02332700,30126.40,0.80170676
30126.4,0.00400776,1688966490915,30126.41,0.02332700,30126.40,0.79769900
30126.4,0.07898491,1688966490915,30126.41,0.02332700,30126.40,0.71871409
30126.4,0.08299309,1688966490925,30126.41,0.02332700,30126.40,0.63572100
30126.4,0.08299351,1688966490939,30126.41,0.03493700,30126.40,0.55272749
30126.4,0.08299351,1688966490950,30126.41,0.03493700,30126.40,0.46973398
30126.4,0.08299429,1688966490960,30126.41,0.03493700,30126.40,0.38673969
30126.41,0.00170934,1688966490967,30126.41,0.03322766,30126.40,0.38673969
30126.4,0.08299429,1688966490974,30126.41,0.03322766,30126.40,0.30374540
30126.4,0.08299429,1688966490984,30126.41,0.03322766,30126.40,0.22075111
30126.4,0.08299429,1688966490994,30126.41,0.45822766,30126.40,0.13775682
30126.4,0.08299429,1688966491007,30126.41,0.64589422,30126.40,0.05476253
30126.4,0.04688053,1688966491017,30126.41,0.47822766,30126.40,0.00788200
30126.4,0.007333,1688966491017,30126.41,0.47822766,30126.40,0.00054900
30126.4,0.000549,1688966491017,30126.41,0.47822766,30126.24,0.00312230
30126.24,0.0031223,1688966491017,30126.41,0.47822766,30125.90,0.10000000
30125.9,0.02510946,1688966491017,30126.41,0.47822766,30125.90,0.07489054
30125.9,0.07489054,1688966491031,30125.91,0.59918000,30125.55,0.10000000
30125.55,0.00810375,1688966491031,30125.91,0.59918000,30125.55,0.09189625
30125.55,0.08299429,1688966491043,30125.85,0.04779656,30125.55,0.00890196
30125.55,0.00890196,1688966491060,30125.85,0.04779656,30125.20,0.10000000
30125.2,0.08299523,1688966491203,30125.21,0.26526618,30125.20,0.69942677
30125.21,0.00002778,1688966494455,30125.21,0.24365440,30125.20,0.85809277
30125.2,0.08299657,1688966495514,30125.21,0.24365440,30125.20,0.77206820
30125.2,0.08299657,1688966495528,30125.21,0.24365440,30125.20,0.68907163
30125.2,0.08299657,1688966495575,30125.21,0.24365440,30125.20,0.60607506
30125.2,0.08299657,1688966495602,30125.21,0.24365440,30125.20,0.52307849
30125.2,0.08299657,1688966495619,30125.21,0.24365440,30125.20,0.59632092
30125.2,0.08299657,1688966495646,30125.21,0.24365440,30125.20,0.51332435
30125.2,0.08299657,1688966495655,30125.21,0.24365440,30125.20,0.43032778
30125.2,0.08299657,1688966495675,30125.21,0.26365440,30125.20,0.34733121
30125.2,0.03545421,1688966495692,30125.21,0.26365440,30125.20,0.31187700
30125.2,0.04754236,1688966495692,30125.21,0.26365440,30125.20,0.26433464
30125.2,0.02609564,1688966495712,30125.21,0.31818377,30125.20,0.23823900
30125.2,0.05690093,1688966495712,30125.21,0.31818377,30125.20,0.18133807
30125.2,0.02509907,1688966495722,30125.21,0.31818377,30125.20,0.15623900
30125.2,0.0578975,1688966495722,30125.21,0.31818377,30125.20,0.09834150
30125.2,0.08299657,1688966495735,30125.21,0.31818377,30125.20,0.01534493
30125.2,0.01534493,1688966495743,30125.21,0.31818377,30124.44,0.04979200
30123.15,0.49303,1688966499783,30123.16,0.30555163,30123.15,0.29583700
30123.15,0.08300544,1688966499869,30123.16,0.30555163,30123.15,0.21283156
30123.15,0.08300544,1688966499879,30123.16,0.30555163,30123.15,0.12982612
30123.15,0.12388312,1688966499886,30123.16,0.30555163,30123.15,0.00594300
30123.15,0.005943,1688966499886,30123.16,0.30555163,30122.41,0.03319700
30123.15,0.045,1688966499890,30123.16,0.30555163,30122.41,0.03319700
30123.15,0.00013245,1688966505162,30123.15,0.06626355,30122.78,0.17700739
30123.14,0.003318,1688966505869,30123.15,0.04979600,30122.80,0.06963788
30123.15,0.00268224,1688966505869,30123.15,0.04711376,30122.80,0.06963788
30123.15,0.00013245,1688966506200,30123.15,0.03306455,30122.95,0.08974477
30122.99,0.00087766,1688966506382,30123.16,0.04979557,30122.87,0.08974477
30122.87,0.08974477,1688966506382,30123.16,0.04979557,30122.79,0.09764594
