last,lastSz,ts,askPx,askSz,bidPx,bidSz
30120.6,0.00155704,1688965514126,30120.7,0.90952774,30120.6,0.94602047
30120.6,0.00155704,1688965515722,30120.7,0.74302774,30120.6,1.13039047
30120.6,0.00155704,1688965516188,30120.7,0.74302774,30120.6,0.94602047
30120.6,0.00155704,1688965516405,30120.7,0.74302774,30120.6,1.24602047
30120.7,0.00035191,1688965516927,30120.7,0.74267583,30120.6,0.94602047
30120.7,0.00035191,1688965517028,30120.7,0.74267583,30120.6,1.09332047
30120.6,0.0000001,1688965517540,30120.7,0.74267583,30120.6,1.09332037
30120.6,0.0000001,1688965518743,30120.7,0.74267583,30120.6,0.94602037
30120.6,0.0000001,1688965519205,30120.7,0.86117583,30120.6,0.94602037
30120.6,0.01822135,1688965519306,30120.7,0.86117583,30120.6,0.92779902
30120.6,0.01822135,1688965519428,30120.7,0.86117583,30120.6,1.22779902
30120.6,0.01822135,1688965519639,30120.7,0.86117583,30120.6,1.41216902
30120.6,0.0017,1688965522405,30120.7,0.86117583,30120.6,1.41046902
30120.6,0.0017,1688965522506,30120.7,0.86117583,30120.6,1.41046902
30120.6,0.0017,1688965523204,30120.7,0.86117583,30120.6,1.11046902
30120.6,0.0017,1688965523305,30120.7,0.86117583,30120.6,0.92609902
30120.6,0.0017,1688965523406,30120.7,1.67727583,30120.6,0.66609902
30120.6,0.0017,1688965523756,30120.7,0.92727583,30120.6,0.66609902
30120.6,0.0017,1688965524168,30120.7,0.86117583,30120.6,0.66609902
30120.6,0.0017,1688965524607,30120.7,1.61117583,30120.6,0.66609902
30120.6,0.0017,1688965525405,30120.7,1.67727583,30120.6,0.66609902
30120.6,0.0017,1688965525506,30120.7,1.61117583,30120.6,0.66609902
30120.6,0.0017,1688965525761,30120.7,0.86117583,30120.6,0.66609902
30120.6,0.0017,1688965526861,30120.7,0.86117583,30120.6,0.66852261
30120.6,0.0017,1688965529079,30120.7,0.92727583,30120.6,0.66852261
30120.6,0.0017,1688965529180,30120.7,0.86117583,30120.6,0.66852261
30120.6,0.0017,1688965530290,30120.7,0.92727583,30120.6,0.66852261
30120.6,0.0017,1688965530660,30120.7,0.86117583,30120.6,0.66852261
30120.6,0.0017,1688965531803,30120.7,0.86117583,30120.6,0.96852261
30120.6,0.0017,1688965531905,30120.7,0.86117583,30120.6,0.66852261
30120.6,0.0017,1688965533006,30120.7,0.86117583,30120.6,0.81582261
30120.6,0.0017,1688965533107,30120.7,0.86117583,30120.6,0.81582261
30120.6,0.0017,1688965533208,30120.7,0.86117583,30120.6,0.96852261
30120.6,0.0017,1688965533465,30120.7,0.86117583,30120.6,0.66852261
30120.6,0.0017,1688965533576,30120.7,0.86117583,30120.6,0.96852261
30120.6,0.0017,1688965534112,30120.7,0.86117583,30120.6,1.15289261
30120.6,0.0017,1688965534415,30120.7,0.86117583,30120.6,0.96852261
30120.6,0.0017,1688965537111,30120.7,0.86117583,30120.6,0.96852261
30120.6,0.0017,1688965537315,30120.7,0.86117583,30120.6,0.66852261
30120.6,0.0017,1688965538006,30120.7,0.86117583,30120.6,0.96852261
30120.6,0.0017,1688965541605,30120.7,0.92727583,30120.6,0.96852261
30120.6,0.0017,1688965541835,30120.7,0.86117583,30120.6,0.96852261
30120.6,0.0014,1688965543106,30120.7,0.86117583,30120.6,0.96712261
30120.6,0.0014,1688965545706,30120.7,0.86117583,30120.6,0.92272261
30120.6,0.0014,1688965547950,30120.7,0.74267583,30120.6,1.10709261
30120.6,0.00284098,1688965549206,30120.7,0.74267583,30120.6,1.20089261
30120.6,0.00284098,1688965552205,30120.7,0.71651583,30120.6,1.20089261
30120.6,0.00284098,1688965552605,30120.7,0.81513583,30120.6,1.20089261
30120.6,0.00284098,1688965553805,30120.7,0.71651583,30120.6,1.20089261
30120.6,0.00284098,1688965554160,30120.7,0.74563583,30120.6,1.20089261
30120.6,0.00021195,1688965554631,30120.7,0.74563583,30120.6,1.19112067
30120.7,0.00031021,1688965555205,30120.7,0.74532562,30120.6,1.19112067
30120.6,0.00009739,1688965555306,30120.7,0.74515544,30120.6,1.19095371
30120.6,0.0016507,1688965555407,30120.7,0.74515544,30120.6,1.18930301
30120.6,0.0016507,1688965555508,30120.7,0.74515544,30120.6,1.18930301
30120.6,0.0016507,1688965556706,30120.7,0.71603544,30120.6,1.18930301
30120.6,0.0016507,1688965559058,30120.7,0.84635544,30120.6,1.18930301
30120.6,0.0016507,1688965559305,30120.7,0.84635544,30120.6,1.00493301
30120.6,0.0016507,1688965559406,30120.7,0.71603544,30120.6,1.18930301
30120.6,0.0016507,1688965559516,30120.7,0.87009544,30120.6,1.07103301
30120.6,0.0016507,1688965559661,30120.7,0.87009544,30120.6,1.00493301
30120.6,0.0016507,1688965560119,30120.7,0.87009544,30120.6,1.00493301
30120.7,0.00117195,1688965560591,30120.7,0.86892349,30120.6,1.00493301
30120.7,0.00117195,1688965560705,30120.7,0.86892349,30120.6,1.00493301
30120.7,0.00117195,1688965561672,30120.7,0.92104349,30120.6,1.00493301
30120.7,0.00117195,1688965563333,30120.7,0.92104349,30120.6,0.70493301
30120.7,0.00117195,1688965563604,30120.7,0.92104349,30120.6,0.85223301
30120.7,0.00117195,1688965564943,30120.7,0.92104349,30120.6,1.18930301
30120.6,0.11804811,1688965566232,30120.7,0.92104349,30120.6,0.80131548
30120.6,0.11804811,1688965566348,30120.7,0.92104349,30120.6,0.91935548
30120.6,0.11804811,1688965567099,30120.7,0.92104349,30120.6,1.10372548
30120.6,0.11804811,1688965567701,30120.7,0.62598349,30120.6,1.10372548
30120.6,0.11804811,1688965567806,30120.7,0.77106349,30120.6,1.10372548
30120.6,0.11804811,1688965568304,30120.7,0.77106349,30120.6,1.85372548
30120.6,0.11804811,1688965568405,30120.7,0.77106349,30120.6,2.60372548
30120.6,0.11804811,1688965568762,30120.7,0.77106349,30120.6,1.85372548
30120.7,0.00663995,1688965568905,30120.7,0.76442354,30120.6,1.10372548
30120.6,0.012726,1688965569006,30120.7,0.76442354,30120.6,1.09099948
30120.6,0.012726,1688965569115,30120.7,0.76442354,30120.6,1.10372948
30120.6,0.012726,1688965569365,30120.7,0.94879354,30120.6,1.10372948
30120.6,0.012726,1688965569505,30120.7,0.94879354,30120.6,0.91935948
30120.6,0.012726,1688965569606,30120.7,0.94879354,30120.6,1.20372948
30120.6,0.012726,1688965572606,30120.7,1.76489354,30120.6,0.71935948
30120.6,0.012726,1688965572707,30120.7,1.76489354,30120.6,0.26642359
30120.6,0.012726,1688965572859,30120.7,1.69879354,30120.6,0.26642359
30120.6,0.012726,1688965572984,30120.7,0.94879354,30120.6,0.56642359
30120.6,0.012726,1688965573105,30120.7,0.94879354,30120.6,1.01936359
30120.6,0.012726,1688965573506,30120.7,0.94879354,30120.6,1.20373359
30120.6,0.012726,1688965573789,30120.7,0.76442354,30120.6,1.20373359
30120.6,0.012726,1688965576406,30120.7,0.88426354,30120.6,0.90373359
30120.6,0.012726,1688965576672,30120.7,1.63426354,30120.6,0.71936359
30120.7,0.00040904,1688965576876,30120.7,0.8177545,30120.6,1.01936359
30120.7,0.00040904,1688965577004,30120.7,0.8177545,30120.6,1.01936359
30120.7,0.00040904,1688965577209,30120.7,0.8177545,30120.6,1.03436359
30120.7,0.00040904,1688965578488,30120.7,0.7640145,30120.6,1.21873359
30120.7,0.0589725,1688965578760,30120.7,0.3861075,30120.6,1.21873359
30120.7,0.0589725,1688965579990,30120.7,0.4205475,30120.6,1.21873359
30120.7,0.0589725,1688965580407,30120.9,0.01528229,30120.8,3.57375681
30120.7,0.0589725,1688965580561,30120.9,0.0138442,30120.8,3.83375681
30120.7,0.0589725,1688965580687,30120.9,0.3138442,30120.8,4.94232516
30120.7,0.0589725,1688965580788,30120.9,0.34102072,30120.8,4.94232516
30120.7,0.0589725,1688965580891,30120.9,0.04102072,30120.8,4.94232516
30120.7,0.0589725,1688965581693,30120.9,0.04102072,30120.8,4.88232516
30120.7,0.0589725,1688965582237,30120.9,0.04102072,30120.8,4.00591775
30120.8,0.0017,1688965582810,30120.9,0.04102072,30120.8,4.00421775
30120.8,0.0017,1688965583505,30120.9,0.04102072,30120.8,4.07031775
30120.8,0.0017,1688965583706,30120.9,0.04102072,30120.8,4.00421775
30120.8,0.0017,1688965584104,30120.9,0.04102072,30120.8,4.07031775
30120.8,0.0017,1688965584204,30120.9,0.04102072,30120.8,4.00421775
30120.8,0.0017,1688965585216,30120.9,0.04102072,30120.8,4.07031775
30120.8,0.0017,1688965585576,30120.9,0.04102072,30120.8,4.00421775
30120.8,0.0017,1688965586214,30120.9,0.04102072,30120.8,4.07031775
30120.8,0.0017,1688965587621,30120.9,0.04102072,30120.8,4.00421775
30120.8,0.0017,1688965587830,30120.9,0.04102072,30120.8,2.60309581
30120.8,0.0017,1688965589205,30120.9,0.04102072,30120.8,3.35309581
30120.8,0.0017,1688965589305,30120.9,0.04102072,30120.8,3.41919581
30120.8,0.027,1688965589628,30120.9,0.04102072,30120.8,3.32609581
30120.8,0.027,1688965589830,30120.9,0.04102072,30120.8,3.39219581
30120.8,0.027,1688965590499,30120.9,0.04102072,30120.8,2.64219581
30120.8,0.027,1688965590830,30120.9,0.04102072,30120.8,2.64219581
30120.8,0.027,1688965591399,30120.9,0.04102072,30120.8,3.39219581
30120.8,0.027,1688965591504,30120.9,0.04102072,30120.8,4.80366584
30120.8,0.027,1688965592202,30120.9,0.04102072,30120.8,4.73756584
30120.8,0.027,1688965592506,30120.9,0.04102072,30120.8,4.80366584
30120.8,0.027,1688965593645,30120.9,0.04102072,30120.8,4.73756584
30120.8,0.027,1688965594059,30120.9,0.04102072,30120.8,4.80366584
30120.9,0.01,1688965594756,30120.9,0.03102072,30120.8,4.80366584
30120.9,0.01,1688965594860,30120.9,0.03102072,30120.8,4.53034629
30120.9,0.01,1688965595005,30120.9,0.02717652,30120.8,4.53034629
30120.9,0.01,1688965595106,30121.3,0.12330145,30121.2,6.73944415
30120.9,0.01,1688965595251,30121.3,0.12330145,30121.2,6.17404906
30120.9,0.01,1688965595353,30121.3,0.12330145,30121.2,6.99156215
30120.9,0.01,1688965595454,30121.3,0.13714547,30121.2,7.09156215
30120.9,0.01,1688965596053,30121.3,0.13714547,30121.2,7.19156215
30120.9,0.01,1688965596356,30121.3,0.16331964,30121.2,7.19156215
30121.3,0.01015453,1688965604705,30121.3,0.01601964,30121.2,7.19156215
30121.3,0.01015453,1688965604806,30121.4,0.00144635,30121.3,9.82817315
30121.3,0.01015453,1688965604910,30121.4,0.12474739,30121.3,10.63617315
30121.4,0.00084539,1688965605063,30121.4,0.00060096,30121.3,10.28817315
30121.4,0.00084539,1688965605169,30121.4,0.00060096,30121.3,8.32122292
30121.4,0.00084539,1688965605501,30121.4,0.13774597,30121.3,8.66922292
30121.3,0.00089907,1688965605860,30121.4,0.13774597,30121.3,8.66832385
30121.3,0.00071229,1688965605962,30121.4,0.13774597,30121.3,8.6632261
30121.3,0.00071229,1688965606068,30121.4,0.13774597,30121.3,8.6632261
30121.3,0.00071229,1688965606174,30121.4,0.16482045,30121.3,8.6632261
30121.3,0.00071229,1688965606303,30121.4,0.16482045,30121.3,8.65326778
30121.3,0.00071229,1688965606405,30121.4,0.16482045,30121.3,8.25635778
30121.3,0.00071229,1688965607275,30121.4,0.56112949,30121.3,6.61547671
30121.3,0.00071229,1688965607379,30121.4,0.56112949,30121.3,5.03712576
30121.3,0.00071229,1688965607505,30121.4,0.46421949,30121.3,5.03712576
30121.3,0.00071229,1688965607606,30121.4,0.46421949,30121.3,2.64908335
30121.3,0.00071229,1688965607710,30121.4,1.48900949,30121.3,2.04908781
30121.3,0.00071229,1688965607814,30121.4,1.48900949,30121.3,2.22908787
30121.3,0.00071229,1688965607922,30121.4,1.48900949,30121.3,2.16298787
30121.3,0.00071229,1688965608172,30121.4,1.48900949,30121.3,2.22908787
30121.3,0.00071229,1688965608384,30121.4,1.48900949,30121.3,2.16298787
30121.3,0.00071229,1688965608919,30121.4,1.48890949,30121.3,2.16298787
30121.3,0.00071229,1688965609282,30121.4,1.18900949,30121.3,2.22908787
30121.3,0.00071229,1688965609390,30121.4,1.48900949,30121.3,3.15908789
30121.3,0.00071229,1688965609505,30121.4,1.18900949,30121.3,3.1590879
30121.3,0.00071229,1688965609722,30121.4,1.18900949,30121.3,4.08908794
30121.3,0.00071229,1688965610135,30121.4,1.48900949,30121.3,4.08908794
30121.3,0.00071229,1688965610382,30121.4,1.18900949,30121.3,4.02298794
30121.3,0.00071229,1688965610806,30121.4,1.48900949,30121.3,4.02298794
30121.3,0.00071229,1688965611129,30121.4,1.48890949,30121.3,4.02298794
30121.3,0.00071229,1688965611237,30121.4,1.48890949,30121.3,2.16298787
30121.3,0.00071229,1688965611494,30121.4,1.18900949,30121.3,2.91298787
30121.3,0.00071229,1688965611598,30121.4,1.48890949,30121.3,2.34298788
30121.3,0.00071229,1688965612144,30121.4,1.18900949,30121.3,4.0890879
30121.3,0.00071229,1688965612295,30121.4,1.48890949,30121.3,4.0890879
30121.3,0.00071229,1688965612736,30121.4,1.18900949,30121.3,3.2729879
30121.3,0.00071229,1688965613100,30121.4,1.48900949,30121.3,3.3390879
30121.3,0.00071229,1688965613436,30121.4,0.46421949,30121.3,2.40908788
30121.3,0.00071229,1688965613541,30121.4,0.46421949,30121.3,3.33908795
30121.3,0.00071229,1688965613645,30121.4,0.46421949,30121.3,3.27298795
30121.4,0.00044487,1688965613753,30121.4,0.44993065,30121.3,3.33908795
30121.4,0.00044487,1688965613903,30121.4,0.02707448,30121.3,3.33908795
30121.4,0.00044487,1688965614006,30122,0.76116588,30121.9,2.5433217
30121.4,0.00044487,1688965614144,30122,0.34580958,30121.9,3.9123617
30121.4,0.00044487,1688965614246,30122,0.46910816,30121.9,3.9123617
30121.4,0.00044487,1688965614355,30122,0.76900816,30121.9,3.1623617
30121.4,0.00044487,1688965615407,30122,0.76900816,30121.9,3.0962617
30121.4,0.00044487,1688965616657,30122,0.88090816,30121.9,1.67107332
30121.4,0.00044487,1688965617562,30122,0.90762995,30121.9,1.67107332
30121.4,0.00044487,1688965617662,30122,0.90762995,30121.9,1.73717332
30121.4,0.00044487,1688965618361,30122,0.90762995,30121.9,1.67107332
30121.4,0.00044487,1688965620066,30122,0.90762995,30121.9,1.67107332
30121.4,0.00044487,1688965620273,30122,0.90862995,30121.9,1.67107332
30121.9,0.02316,1688965620705,30122,1.58493995,30121.9,1.64791332
30122,0.046,1688965620961,30122,1.53893995,30121.9,1.64791332
30122,0.046,1688965622181,30122,1.55565995,30121.9,1.64791332
30121.9,0.01818642,1688965622283,30122,1.55565995,30121.9,1.6278869
30121.9,0.01818642,1688965622384,30122,1.55565995,30121.9,1.6278869
30122,0.02938383,1688965622981,30122,1.52627612,30121.9,1.6278869
30122,0.02938383,1688965624882,30122,1.52627612,30121.9,1.6939869
30122,0.02938383,1688965624993,30122,1.52627612,30121.9,1.6278869
30122,0.02938383,1688965625407,30122,1.52627612,30121.9,1.6939869
30122,0.02938383,1688965625898,30122,1.52627612,30121.9,1.6278869
30122,0.02938383,1688965626105,30122,1.52627612,30121.9,1.6939869
30122,0.02938383,1688965626309,30122,1.52627612,30121.9,1.6278869
30122,0.02938383,1688965626564,30122,1.52957284,30121.9,1.6939869
30122,0.02938383,1688965626664,30122,1.52957284,30121.9,1.6278869
30122,0.02938383,1688965626890,30122,1.51285284,30121.9,1.6278869
30122,0.02938383,1688965627105,30122,0.83654284,30121.9,3.1939869
30122,0.02938383,1688965627208,30122,0.83654284,30121.9,2.3778869
30122,0.02938383,1688965627361,30122,0.83654284,30121.9,1.6278869
30122,0.02938383,1688965629111,30122,0.94303284,30121.9,1.6278869
30122,0.02938383,1688965630271,30122,0.83654284,30121.9,1.6939869
30122,0.02938383,1688965630506,30122,0.83654284,30121.9,2.4439869
30122,0.02938383,1688965630618,30122,0.83654284,30121.9,2.3778869
30122,0.02938383,1688965630773,30122,0.83654284,30121.9,1.6278869
30122,0.02938383,1688965631306,30122,0.83654284,30121.9,1.6939869
30122,0.02938383,1688965631422,30122,0.83654284,30121.9,3.1939869
30121.9,0.00023318,1688965631522,30122,0.83654284,30121.9,3.11340377
30121.9,0.00023318,1688965631623,30122,0.83654284,30121.9,3.11340377
30122,0.00156486,1688965631778,30122,0.83497798,30121.9,2.36340377
30122,0.00156486,1688965632006,30122,0.83497798,30121.9,1.61340377
30122,0.00156486,1688965632482,30122,0.83497798,30121.9,3.11340377
30122,0.00156486,1688965633306,30122,0.83497798,30121.9,2.36340377
30122,0.00156486,1688965633521,30122,0.89758798,30121.9,1.42903377
30122,0.00156486,1688965633632,30122,1.96106798,30121.9,1.20256377
30122,0.00156486,1688965634122,30122,1.96106798,30121.9,1.61340377
30122,0.00156486,1688965634389,30122,1.96106798,30121.9,1.67950377
30122,0.00156486,1688965634605,30122,1.96106798,30121.9,1.61340377
30122,0.00156486,1688965635505,30122,1.89845798,30121.9,1.67950377
30122,0.00156486,1688965635840,30122,1.89845798,30121.9,1.61340377
30122,0.00156486,1688965635941,30122,1.89845798,30121.9,1.67950377
30122,0.00156486,1688965636042,30122,1.89845798,30121.9,1.61340377
30122,0.00156486,1688965637445,30122,1.89845798,30121.9,1.35340377
30122,0.00156486,1688965637804,30122,0.83497798,30121.9,1.61340377
30122,0.00156486,1688965637905,30122,0.83497798,30121.9,3.11340377
30122,0.00156486,1688965638007,30122,0.72307798,30121.9,3.17950377
30122,0.00156486,1688965638118,30122,0.72317798,30121.9,3.17950377
30122,0.00156486,1688965638405,30122,0.72317798,30121.9,3.11340377
30122,0.00156486,1688965638652,30122,0.72317798,30121.9,3.17950377
30122,0.00156486,1688965638906,30122,0.72317798,30121.9,3.11340377
30122,0.00156486,1688965639254,30122,0.72317798,30121.9,3.17950377
30122,0.00156486,1688965639605,30122,0.75514722,30121.9,3.17950377
30122,0.00156486,1688965641563,30122,0.75514722,30121.9,3.11340377
30122,0.00156486,1688965641906,30122,0.75514722,30121.9,3.17950377
30121.9,0.0017,1688965643005,30122,0.75514722,30121.9,3.11170377
30121.9,0.0017,1688965643106,30122,0.75514722,30121.9,3.11170377
30121.9,0.0017,1688965643473,30122,0.45514722,30121.9,3.17780377
30121.9,0.0017,1688965643861,30122,0.75504722,30121.9,3.17780377
30121.9,0.0017,1688965644077,30122,0.45514722,30121.9,3.17780377
30121.9,0.0017,1688965644206,30122,0.75504722,30121.9,3.17780377
30121.9,0.0017,1688965644338,30122,0.45514722,30121.9,3.17780377
30121.9,0.0017,1688965645062,30122,0.45852928,30121.9,3.17780377
30121.9,0.0017,1688965646261,30122,0.72656004,30121.9,3.17780377
30121.9,0.0017,1688965646807,30122,0.72656004,30121.9,1.67780377
30121.9,0.0017,1688965646915,30122,0.85576004,30121.9,1.67780377
30121.9,0.0017,1688965647062,30122,0.85576004,30121.9,1.61170377
30122,0.00663966,1688965647405,30122,0.84912038,30121.9,1.61170377
30122,0.00663966,1688965647506,30122,0.84912038,30121.9,1.61170377
30121.9,0.0229977,1688965647768,30122,0.84912038,30121.9,1.58870607
30121.9,0.0229977,1688965648705,30122,0.93997038,30121.9,1.58870607
30121.9,0.0229977,1688965650006,30122,0.84912038,30121.9,1.58870607
30121.9,0.0229977,1688965650506,30122,0.85409038,30121.9,1.40433607
30121.9,0.0229977,1688965650606,30122,0.85409038,30121.9,1.58870607
30121.9,0.0229977,1688965651105,30122,1.47126038,30121.9,1.58870607
30121.9,0.0229977,1688965651570,30122,1.47126038,30121.9,1.40433607
30122,0.00001038,1688965651805,30122,1.47065834,30121.9,1.40433607
30122,0.00001038,1688965651917,30122,1.47065834,30121.9,1.40433607
30121.9,0.009999,1688965653705,30122,1.47065834,30121.9,1.57870707
30121.9,0.009999,1688965653806,30122,1.47065834,30121.9,1.57870707
30121.9,0.009999,1688965654905,30122,1.47065834,30121.9,1.64480707
30121.9,0.009999,1688965655132,30122,1.47065834,30121.9,1.57870707
30121.9,0.009999,1688965655735,30122,1.47065834,30121.9,1.64480707
30121.9,0.00027929,1688965655984,30122,1.47065834,30121.9,1.64452778
30121.9,0.00027929,1688965656104,30122,0.85348834,30121.9,1.57842778
30122,0.00331983,1688965656306,30122,0.85016851,30121.9,1.64452778
30122,0.00331983,1688965656418,30122,0.85016851,30121.9,1.64452778
30122,0.00331983,1688965656681,30122,0.84519851,30121.9,1.64452778
30122,0.00331983,1688965657140,30122,0.84519851,30121.9,1.57842778
30122,0.00331983,1688965659405,30122,0.88166851,30121.9,1.57842778
30121.9,0.009999,1688965659702,30122,0.88166851,30121.9,1.56842878
30121.9,0.009999,1688965659805,30122,0.88166851,30121.9,1.56842878
30121.9,0.009999,1688965660155,30122,0.84519851,30121.9,1.56842878
30121.9,0.009999,1688965664179,30122,0.84519851,30121.9,1.55842978
30121.9,0.009999,1688965664304,30122,0.84519851,30121.9,1.55842978
30121.9,0.009999,1688965665006,30122,0.84519851,30121.9,1.62452978
30121.9,0.009999,1688965665107,30122,0.84519851,30121.9,1.55842978
30121.9,0.009999,1688965668595,30122,0.84519851,30121.9,2.37452978
30121.9,0.009999,1688965668806,30122,0.84519851,30121.9,3.12452978
30121.9,0.009999,1688965668961,30122,0.84519851,30121.9,2.37452978
30121.9,0.009999,1688965669063,30122,0.84519851,30121.9,1.55842978
30121.9,0.009999,1688965669411,30122,0.84519851,30121.9,1.62452978
30121.9,0.009999,1688965669805,30122,0.84519851,30121.9,2.37452978
30121.9,0.009999,1688965670268,30122,0.84519851,30121.9,2.30842978
30121.9,0.009999,1688965670805,30122,0.71599851,30121.9,3.12452978
30121.9,0.009999,1688965674685,30122,0.71599851,30121.9,3.11453078
30121.9,0.009999,1688965674805,30122,0.71599851,30121.9,3.11453078
30121.9,0.009999,1688965675488,30122,0.41599851,30121.9,3.11453078
30121.9,0.009999,1688965675605,30122,0.71589851,30121.9,3.11453078
30122,0.17299149,1688965677255,30123.9,0.38252923,30123.8,2.16582892
30122,0.17299149,1688965677498,30123.9,0.51966285,30123.8,2.26582892
30122,0.17299149,1688965677605,30123.9,0.51966285,30123.8,2.19972892
30122,0.17299149,1688965677706,30123.9,0.51966285,30123.8,2.26582892
30122,0.17299149,1688965677858,30123.9,0.51966285,30123.8,2.19972892
30122,0.17299149,1688965679483,30123.9,0.51966285,30123.8,2.26582892
30122,0.17299149,1688965679707,30123.9,0.51966285,30123.8,2.19972892
30122,0.17299149,1688965679983,30123.9,0.51966285,30123.8,2.26582892
30122,0.17299149,1688965680087,30123.9,0.51966285,30123.8,2.26582892
30122,0.17299149,1688965680205,30123.9,0.51966285,30123.8,2.19972892
30122,0.17299149,1688965681717,30123.9,0.54642874,30123.8,2.19972892
30123.8,0.00333413,1688965682199,30123.9,0.54642874,30123.8,2.19639479
30123.8,0.05,1688965682305,30123.9,0.54642874,30123.8,2.14639479
30123.8,0.05,1688965682405,30123.9,0.54642874,30123.8,2.14639479
30123.8,0.00666487,1688965683644,30123.9,0.54642874,30123.8,2.13972992
30123.8,0.00666487,1688965683798,30123.9,0.54642874,30123.8,2.13972992
30123.8,0.00666487,1688965684536,30123.9,0.46389951,30123.8,2.95582992
30123.8,0.00666487,1688965684661,30123.9,0.16389951,30123.8,2.95582992
30123.8,0.00666487,1688965684804,30123.9,0.46389951,30123.8,2.95582992
30123.8,0.00666487,1688965685115,30123.9,0.46389951,30123.8,2.88972992
30123.8,0.00666487,1688965685261,30123.9,0.16389951,30123.8,2.13972992
30123.8,0.05,1688965685382,30123.9,0.46389951,30123.8,2.08972992
30123.8,0.05,1688965685505,30123.9,0.46389951,30123.8,2.08972992
30123.8,0.05,1688965686110,30123.9,0.16389951,30123.8,2.08972992
30123.8,0.05,1688965686406,30123.9,0.29089951,30123.8,2.08972992
30123.8,0.05,1688965687114,30123.9,0.29089951,30123.8,2.08972992
30123.8,0.05,1688965687660,30123.9,0.29089951,30123.8,2.83972992
30123.8,0.05,1688965687762,30123.9,0.29089951,30123.8,2.08972992
30123.8,0.01,1688965692911,30123.9,0.29089951,30123.8,2.07972992
30123.8,0.01,1688965693062,30123.9,0.29089951,30123.8,2.07972992
30123.8,0.01,1688965694905,30123.9,0.47526951,30123.8,2.07972992
30123.8,0.01,1688965695161,30123.9,1.26116951,30123.8,1.89535992
30123.8,0.01,1688965696077,30123.9,1.26116951,30123.8,2.07972992
30123.8,0.00392224,1688965696286,30123.9,1.26116951,30123.8,2.07580768
30123.8,0.00392224,1688965696387,30123.9,1.26116951,30123.8,2.07580768
30123.8,0.00392224,1688965697361,30123.9,1.07679951,30123.8,2.07580768
30123.8,0.00392224,1688965699161,30123.9,1.07679951,30123.8,2.08252942
30123.8,0.03707676,1688965699387,30123.9,1.07679951,30123.8,2.04545266
30123.8,0.03707676,1688965699505,30123.9,1.07679951,30123.8,2.04545266
30123.8,0.008876,1688965701905,30123.9,1.07679951,30123.8,2.03657666
30123.8,0.008876,1688965702006,30123.9,1.07679951,30123.8,2.03657666
30123.8,0.008876,1688965702405,30123.9,1.07679951,30123.8,2.03757666
30123.8,0.03707676,1688965702506,30123.9,1.07679951,30123.8,2.0004999
30123.8,0.03707676,1688965702607,30123.9,1.07679951,30123.8,2.0004999
30123.8,0.03707676,1688965703210,30123.9,1.07679951,30123.8,1.7740299
30123.8,0.03707676,1688965703487,30123.9,1.07679951,30123.8,2.0004999
30123.8,0.0017,1688965703593,30123.9,1.07679951,30123.8,1.9987999
30123.8,0.0017,1688965703705,30123.9,1.07679951,30123.8,1.9987999
30123.8,0.000405,1688965703805,30123.9,1.07679951,30123.8,1.9983949
30123.8,0.000405,1688965703906,30123.9,1.07679951,30123.8,1.9983949
30123.8,0.000405,1688965704161,30123.9,0.29089951,30123.8,1.9983949
30123.8,0.000405,1688965704561,30123.9,0.38989951,30123.8,1.9983949
30123.8,0.000405,1688965707706,30123.9,0.38989951,30123.8,2.0644949
30123.8,0.000405,1688965707836,30123.9,0.29089951,30123.8,1.9983949
30123.8,0.000405,1688965709006,30123.9,0.29089951,30123.8,2.0644949
30123.8,0.000405,1688965709305,30123.9,0.29089951,30123.8,1.9983949
30123.8,0.01,1688965710705,30123.9,0.29089951,30123.8,2.0544949
30123.8,0.01,1688965710850,30123.9,0.29089951,30123.8,2.0544949
30123.8,0.01,1688965711462,30123.9,0.29089951,30123.8,1.9883949
30123.8,0.01939291,1688965713861,30123.9,0.29089951,30123.8,1.96900199
30123.8,0.01939291,1688965714365,30123.9,0.46389951,30123.8,3.46900199
30123.8,0.01939291,1688965714466,30123.9,0.16389951,30123.8,3.46900199
30123.8,0.01939291,1688965714806,30123.9,0.46389951,30123.8,3.46900199
30123.8,0.01939291,1688965716161,30123.9,0.46389951,30123.8,2.71900199
30123.8,0.01939291,1688965716277,30123.9,0.46389951,30123.8,1.96900199
30123.8,0.01939291,1688965716661,30123.9,0.46389951,30123.8,2.71800199
30123.8,0.01939291,1688965717461,30123.9,0.46389951,30123.8,3.46800199
30123.8,0.01939291,1688965717906,30123.9,0.46389951,30123.8,2.71800199
30123.8,0.01939291,1688965718604,30123.9,0.46389951,30123.8,1.96800199
30123.8,0.01939291,1688965720696,30123.9,0.46389951,30123.8,3.53410199
30123.8,0.01939291,1688965721300,30123.9,0.46389951,30123.8,3.46800199
30123.8,0.01939291,1688965721661,30123.9,0.46389951,30123.8,2.03410199
30123.8,0.01939291,1688965721786,30123.9,0.46389951,30123.8,3.53410199
30123.8,0.01939291,1688965722661,30123.9,0.46389951,30123.8,2.71800199
30123.8,0.01939291,1688965722793,30123.9,0.46389951,30123.8,1.96800199
30123.8,0.01939291,1688965723706,30123.9,0.46389951,30123.8,3.46800199
30123.8,0.01939291,1688965724403,30123.9,0.46389951,30123.8,1.96800199
30123.8,0.01939291,1688965724505,30123.9,0.46389951,30123.8,3.46800199
30123.8,0.01939291,1688965726204,30123.9,0.46389951,30123.8,3.53410199
30123.8,0.01939291,1688965726406,30123.9,0.46389951,30123.8,3.46800199
30123.8,0.01,1688965726763,30123.9,0.46389951,30123.8,3.45800199
30123.8,0.01,1688965726905,30123.9,0.46389951,30123.8,3.45800199
30123.8,0.01,1688965728172,30123.9,0.46389951,30123.8,3.52410199
30123.9,0.0012,1688965728805,30123.9,0.46269951,30123.8,2.02410199
30123.9,0.0012,1688965728929,30123.9,0.45005669,30123.8,2.02410199
30123.9,0.0012,1688965729067,30123.9,0.46389951,30123.8,2.02410199
30123.9,0.0012,1688965729904,30123.9,0.46389951,30123.8,1.95800199
30123.9,0.0012,1688965730606,30123.9,0.46389951,30123.8,2.70800199
30123.9,0.0012,1688965730861,30123.9,0.29089951,30123.8,3.52410199
30123.9,0.0012,1688965731206,30123.9,0.29089951,30123.8,3.45800199
30123.9,0.0012,1688965731339,30123.9,0.29089951,30123.8,3.53306392
30123.9,0.0012,1688965731705,30123.9,0.29089951,30123.8,3.59916392
30123.9,0.0012,1688965731942,30123.9,0.29089951,30123.8,3.53306392
30123.9,0.0012,1688965732564,30123.9,0.29089951,30123.8,3.59916392
30123.9,0.0012,1688965733461,30123.9,0.29089951,30123.8,3.53306392
30123.9,0.0012,1688965733705,30123.9,0.29089951,30123.8,2.03306392
30123.9,0.08299058,1688965735775,30123.9,0.20790893,30123.8,2.09916392
30123.9,0.08299058,1688965735905,30123.9,0.20790893,30123.8,2.09916392
30123.9,0.08299058,1688965736006,30123.9,0.16760871,30123.8,2.09916392
30123.9,0.08299058,1688965736159,30123.9,0.16760871,30123.8,2.03306392
30123.9,0.08299058,1688965736273,30123.9,0.20769642,30123.8,2.03306392
30123.8,0.11775581,1688965736376,30123.9,0.20769642,30123.8,1.68249678
30123.8,0.11775581,1688965736506,30123.9,0.20769642,30123.8,1.20489259
30123.8,0.11775581,1688965736607,30123.9,0.20769642,30123.8,1.43136259
30123.8,0.11775581,1688965736979,30123.9,0.20769642,30123.8,1.49746259
30123.8,0.11775581,1688965738961,30123.9,0.15376589,30123.8,1.49746259
30123.8,0.11775581,1688965739304,30123.9,0.23479246,30123.8,1.49746259
30123.8,0.11775581,1688965740107,30123.9,0.23479246,30123.8,1.49746259
30123.8,0.11775581,1688965741306,30123.9,0.23479246,30123.8,1.43136259
30123.8,0.11775581,1688965741572,30123.9,0.23479246,30123.8,1.49746259
30123.8,0.11775581,1688965742961,30123.9,0.23479246,30123.8,1.43136259
30123.8,0.11775581,1688965743104,30123.9,0.15376589,30123.8,1.43136259
30123.8,0.11775581,1688965743412,30123.9,0.27313718,30123.8,1.43136259
30123.8,0.11775581,1688965743761,30123.9,0.27313718,30123.8,1.49746259
30123.8,0.11775581,1688965744668,30123.9,0.27313718,30123.8,1.43136259
30123.8,0.11775581,1688965745006,30123.9,0.27313718,30123.8,1.49746259
30123.8,0.11775581,1688965745107,30123.9,0.27313718,30123.8,1.49825427
30123.8,0.11775581,1688965746064,30123.9,0.27313718,30123.8,1.43215427
30123.8,0.11775581,1688965746506,30123.9,0.27313718,30123.8,1.49825427
30123.8,0.11775581,1688965746762,30123.9,0.27313718,30123.8,1.43215427
30123.8,0.11775581,1688965747105,30123.9,0.27313718,30123.8,1.49825427
30123.8,0.11775581,1688965748420,30123.9,0.27313718,30123.8,1.43215427
30123.8,0.11775581,1688965749561,30123.9,0.27313718,30123.8,1.49825427
30123.8,0.11775581,1688965749705,30123.9,0.27313718,30123.8,1.43215427
30123.8,0.11775581,1688965749961,30123.9,0.27313718,30123.8,1.43215427
30123.8,0.11775581,1688965754916,30123.9,0.27313718,30123.8,1.49825427
30123.8,0.11775581,1688965755406,30123.9,0.27313718,30123.8,1.43215427
30123.8,0.11775581,1688965756123,30123.9,0.14613718,30123.8,2.93215427
30123.8,0.11775581,1688965756505,30123.9,0.02676589,30123.8,2.93215427
30123.8,0.11775581,1688965756606,30124,0.06564682,30123.9,3.97120858
30123.8,0.11775581,1688965757105,30124,0.19264682,30123.9,3.97120858
30123.8,0.11775581,1688965757396,30124,0.13534872,30123.9,3.97120858
30123.8,0.11775581,1688965757505,30124,0.00834872,30123.9,3.97120858
30123.8,0.11775581,1688965757660,30124,0.30834872,30123.9,3.97120858
30123.8,0.11775581,1688965757905,30124,0.3628028,30123.9,3.97120858
30123.8,0.11775581,1688965759106,30124,0.3628028,30123.9,3.22120858
30123.8,0.11775581,1688965759661,30124,0.3628028,30123.9,3.97120858
30123.8,0.11775581,1688965760063,30124,0.3628028,30123.9,4.03730858
30123.8,0.11775581,1688965760306,30124,0.3628028,30123.9,3.28730858
30123.8,0.11775581,1688965760461,30124,0.4920028,30123.9,3.22120858
30123.9,0.0015,1688965763406,30124,1.0110428,30123.9,0.75887355
30123.9,0.0015,1688965763561,30124,1.0490228,30123.9,1.10794383
30123.9,0.0017,1688965763805,30124,1.6642928,30123.9,1.15531403
30123.9,0.0017,1688965763906,30124,1.6642928,30123.9,1.15531403
30123.9,0.0017,1688965764161,30124,1.1452528,30123.9,1.15531403
30123.9,0.0017,1688965764766,30124,1.47719607,30123.9,1.15531403
30123.9,0.01,1688965765368,30124,1.47719607,30123.9,1.14531403
30123.9,0.00229157,1688965768062,30124,1.47719607,30123.9,1.14302246
30123.9,0.01105323,1688965768506,30124,1.47719607,30123.9,1.10402247
30123.9,0.01105323,1688965770606,30124,1.47719607,30123.9,1.65593834
30123.9,0.01405323,1688965771598,30124,1.47719607,30123.9,1.62793834
30123.9,0.01405323,1688965771705,30124,1.47719607,30123.9,1.07602247
30123.9,0.01405323,1688965772120,30124,1.47719607,30123.9,1.12551044
30123.9,0.01936322,1688965772871,30124,1.47719607,30123.9,1.10614722
30123.9,0.01936322,1688965775738,30124,1.47719607,30123.9,1.60857521
30123.9,0.01936322,1688965776005,30124,1.47719607,30123.9,2.40806312
30123.9,0.01936322,1688965776219,30124,1.47719607,30123.9,1.60857521
30123.9,0.01936322,1688965776891,30124,1.47719607,30123.9,1.10614722
30123.9,0.01936322,1688965777293,30124,1.47719607,30123.9,1.38210516
30123.9,0.01936322,1688965777545,30124,1.47719607,30123.9,1.65806311
30123.9,0.01936322,1688965778147,30124,1.47719607,30123.9,1.38210516
30124,0.50405603,1688965779353,30124,0.48113724,30123.9,1.38210516
30124,0.50405603,1688965779501,30124,0.63194327,30123.9,1.65806316
30124,0.50405603,1688965779605,30124,0.67984327,30123.9,1.65806316
30124,0.50405603,1688965779754,30124,0.81697644,30123.9,1.65806316
30124,0.50405603,1688965780705,30124,0.81697644,30123.9,1.38210516
30124,0.50405603,1688965781104,30124,0.81697644,30123.9,1.65806311
30124,0.50405603,1688965781361,30124,0.82523641,30123.9,1.65806311
30124,0.50405603,1688965786805,30124,0.82523641,30123.9,1.10614722
30124,0.50405603,1688965787161,30124,0.82523641,30123.9,1.3821052
30124,0.50405603,1688965787265,30124,0.82523641,30123.9,1.65806319
30124,0.50405603,1688965794097,30124,0.82523641,30123.9,2.45755113
30124,0.50405603,1688965794418,30124,0.82523641,30123.9,3.49580174
30124,0.50405603,1688965794568,30124,0.82523641,30123.9,3.5452897
30124,0.50405603,1688965794675,30124,0.68810324,30123.9,3.4791897
30124,0.50405603,1688965795007,30124,0.78504396,30123.9,3.4791897
30124,0.50405603,1688965795219,30124,0.78504396,30123.9,1.7570391
30124,0.50405603,1688965795371,30124,0.78504396,30123.9,1.65806319
30124,0.50405603,1688965795502,30124,0.78504396,30123.9,3.25703902
30124,0.50405603,1688965795605,30124,0.78504396,30123.9,2.50703902
30124,0.50405603,1688965795965,30124,0.78504396,30123.9,1.7075511
30124,0.50405603,1688965798704,30124,0.78504396,30123.9,2.50703909
30124,0.50405603,1688965798805,30124,0.78504396,30123.9,1.7075511
30124,0.000045,1688965799626,30124,0.78499896,30123.9,1.7075511
30124,0.000045,1688965799726,30124,0.78499896,30123.9,1.7075511
30124,0.000045,1688965800041,30124,0.78499896,30123.9,1.7075511
30124,0.000045,1688965804759,30124,0.78499896,30123.9,1.3821052
30124,0.000045,1688965805311,30124,0.78499896,30123.9,1.43159311
30124,0.000045,1688965805667,30124,0.78499896,30123.9,1.70755103
30123.9,0.01,1688965807573,30124,0.78499896,30123.9,1.24461103
30123.9,0.01,1688965807674,30124,0.78499896,30123.9,1.04665925
30123.9,0.01,1688965808007,30124,0.78499896,30123.9,1.09614721
30123.9,0.01,1688965809112,30124,0.78499896,30123.9,2.1715932
30123.9,0.01,1688965809261,30124,0.78499896,30123.9,2.44755111
30123.9,0.01,1688965809906,30124,0.78499896,30123.9,1.6480632
30123.9,0.00487812,1688965810171,30124,0.78499896,30123.9,1.6431632
30123.9,0.02699719,1688965810604,30124,0.78499896,30123.9,1.61616601
30123.9,0.02699719,1688965810705,30124,0.78499896,30123.9,1.61616601
30123.9,0.00113,1688965811891,30124,0.78499896,30123.9,1.61503601
30123.9,0.00113,1688965811993,30124,0.78499896,30123.9,1.61503601
30123.9,0.00113,1688965813386,30124,0.78499896,30123.9,1.68113601
30123.9,0.00113,1688965813496,30124,0.78499896,30123.9,1.72079593
30123.9,0.00113,1688965813906,30124,0.78499896,30123.9,1.65469593
30123.9,0.00113,1688965814113,30124,0.78499896,30123.9,1.72079596
30123.9,0.00113,1688965814261,30124,0.78499896,30123.9,2.52028391
30123.9,0.00113,1688965814861,30124,0.61199896,30123.9,2.52028391
30123.9,0.00113,1688965814993,30124,0.10520069,30123.9,3.31977188
30123.9,0.00113,1688965815105,30124,0.00825997,30123.9,3.31977188
30124,0.00825997,1688965815205,30125.7,0.1722847,30123.9,3.31977188
30124,0.00825997,1688965815306,30126,0.51808,30125.9,2.079424
30124,0.00825997,1688965815407,30126,0.77765665,30125.9,2.46756339
30124,0.00825997,1688965815510,30126,1.07765665,30125.9,2.46756339
30126,0.00033193,1688965815664,30126,1.10339836,30125.9,2.46756339
30126,0.00033193,1688965815796,30126,1.10339836,30125.9,2.213324
30126,0.00033193,1688965816006,30126,1.10339836,30125.9,1.986854
30126,0.00033193,1688965816111,30126,1.10339836,30125.9,1.236854
30126,0.00033193,1688965816266,30126,1.10339836,30125.9,1.310384
30126,0.00033193,1688965817319,30126,1.10339836,30125.9,2.513324
30126,0.00033193,1688965817473,30126,0.96627429,30125.9,2.513324
30126,0.00033193,1688965817807,30126,0.96627429,30125.9,1.763324
30126,0.00033193,1688965818020,30126,0.96627429,30125.9,1.310384
30126,0.00033193,1688965818121,30126,0.96627429,30125.9,2.286854
30126,0.00033193,1688965818276,30126,1.10339836,30125.9,1.536854
30126,0.00033193,1688965819480,30126,1.10339836,30125.9,1.763324
30126,0.00033193,1688965819605,30126,1.10339836,30125.9,1.829424
30126,0.00033193,1688965819815,30126,1.10339836,30125.9,1.763324
30126,0.00033193,1688965819928,30126,1.10339836,30125.9,1.829424
30126,0.00033193,1688965820532,30126,0.96627429,30125.9,2.513324
30126,0.00033193,1688965820687,30126,1.10339836,30125.9,1.763324
30126,0.00033193,1688965821204,30126,1.10339836,30125.9,2.579424
30126,0.00033193,1688965821306,30126,1.10339836,30125.9,1.829424
30126,0.00033193,1688965821430,30126,1.10339836,30125.9,1.829424
30126,0.00033193,1688965821636,30126,1.01451836,30125.9,1.829424
30126,0.00033193,1688965822006,30126,1.01451836,30125.9,2.579424
30126,0.00033193,1688965822294,30126,1.01451836,30125.9,1.829424
30126,0.00033193,1688965822506,30126,1.01451836,30125.9,1.763324
30126,0.00033193,1688965822627,30126,0.87739429,30125.9,2.579424
30126,0.00033193,1688965823005,30126,0.87739429,30125.9,1.829424
30126,0.00033193,1688965823106,30126,1.01451836,30125.9,1.829424
30126,0.00033193,1688965823230,30126,0.87739429,30125.9,1.829424
30126,0.00033193,1688965823488,30126,1.01451836,30125.9,1.763324
30126,0.00033193,1688965824047,30126,1.01451836,30125.9,1.829424
30125.9,0.0017,1688965824149,30126,1.01451836,30125.9,1.827724
30125.9,0.0017,1688965824303,30126,1.01451836,30125.9,1.535154
30125.9,0.0017,1688965824747,30126,1.01481112,30125.9,1.535154
30125.9,0.0017,1688965824849,30126,1.01481112,30125.9,1.601254
30125.9,0.0017,1688965825239,30126,1.01481112,30125.9,1.827724
30125.9,0.0017,1688965825706,30126,1.01481112,30125.9,1.761624
30125.9,0.0017,1688965826105,30126,1.01481112,30125.9,1.827724
30125.9,0.0017,1688965827105,30126,1.01481112,30125.9,1.308684
30125.9,0.0017,1688965827247,30126,1.01481112,30125.9,1.535154
30126,0.00671844,1688965827964,30126,1.00809268,30125.9,1.535154
30126,0.00671844,1688965828064,30126,1.00809268,30125.9,1.827724
30126,0.00671844,1688965828561,30126,1.00809268,30125.9,1.761624
30126,0.00671844,1688965829106,30126,1.00809268,30125.9,1.827724
30126,0.00671844,1688965829255,30126,0.93409268,30125.9,1.761624
30126,0.00671844,1688965830061,30126,0.93409268,30125.9,1.827724
30126,0.00671844,1688965830305,30126,0.93409268,30125.9,1.761624
30126,0.00671844,1688965830406,30126,0.93409268,30125.9,1.827724
30126,0.00671844,1688965830562,30126,0.93409268,30125.9,1.761624
30126,0.00671844,1688965831005,30126,0.63409268,30125.9,1.827724
30126,0.00671844,1688965831760,30126,0.63409268,30125.9,1.761624
30126,0.00671844,1688965831868,30126,0.93409268,30125.9,1.761624
30126,0.00671844,1688965832411,30126,0.63409268,30125.9,1.761624
30126,0.00671844,1688965832560,30126,0.93409268,30125.9,1.761624
30126,0.00671844,1688965832784,30126,0.63409268,30125.9,1.827724
30125.9,0.02,1688965833192,30126,0.63409268,30125.9,1.807724
30125.9,0.02,1688965833306,30126,0.63409268,30125.9,1.807724
30126,0.00012,1688965833561,30126,0.63397268,30125.9,1.807724
30126,0.00012,1688965834206,30126,0.93397268,30125.9,1.807724
30126,0.00012,1688965834361,30126,0.76097268,30125.9,1.807724
30126,0.00012,1688965835690,30126,0.76097268,30125.9,1.741624
30126,0.00012,1688965836292,30126,0.76097268,30125.9,1.807724
30126,0.00012,1688965836400,30126,0.63397268,30125.9,1.807724
30126,0.00012,1688965837235,30126,0.62558577,30125.9,1.807724
30126,0.00012,1688965837915,30126,0.92558577,30125.9,1.807724
30126,0.00012,1688965838304,30126,0.92558577,30125.9,1.741624
30126,0.00012,1688965838720,30126,0.92558577,30125.9,1.807724
30126,0.00012,1688965838846,30126,0.62558577,30125.9,1.807724
30126,0.00012,1688965839105,30126,0.92558577,30125.9,1.807724
30126,0.02303662,1688965840115,30126,0.90254915,30125.9,1.807724
30126,0.02303662,1688965840704,30126,0.90254915,30125.9,1.741624
30126,0.02303662,1688965841391,30126,0.90254915,30125.9,1.807724
30126,0.02303662,1688965841606,30126,1.00154915,30125.9,1.741624
30126,0.02303662,1688965841725,30126,0.90254915,30125.9,1.807724
30126,0.02303662,1688965843345,30126,0.90254915,30125.9,1.741624
30126,0.02303662,1688965843704,30126,1.00154915,30125.9,1.741624
30126,0.02303662,1688965843805,30126,0.90254915,30125.9,1.741624
30126,0.02303662,1688965844139,30126,0.90254915,30125.9,1.807724
30126,0.02303662,1688965845147,30126,0.90254915,30125.9,1.741624
30126,0.02303662,1688965845547,30126,0.90254915,30125.9,1.807724
30126,0.02303662,1688965846705,30126,0.90254915,30125.9,1.741624
30126,0.02303662,1688965846841,30126,0.90254915,30125.9,1.807724
30126,0.02303662,1688965847627,30126,0.90254915,30125.9,1.741624
30126,0.02303662,1688965848006,30126,0.90254915,30125.9,1.807724
30126,0.02303662,1688965848405,30126,0.90254915,30125.9,1.741624
30126,0.02303662,1688965848561,30126,0.90254915,30125.9,1.807724
30126,0.02303662,1688965849433,30126,0.90254915,30125.9,1.741624
30126,0.02303662,1688965849564,30126,0.72954915,30125.9,1.807724
30126,0.02303662,1688965849696,30126,0.72954915,30125.9,1.741624
30126,0.02303662,1688965849805,30126,0.72954915,30125.9,1.807724
30126,0.02303662,1688965850109,30126,0.60254915,30125.9,1.807724
30126,0.02303662,1688965850857,30126,0.60254915,30125.9,1.741624
30126,0.02303662,1688965851459,30126,0.90254915,30125.9,1.741624
30126,0.02303662,1688965851906,30126,0.60254915,30125.9,1.807724
30126,0.02303662,1688965852061,30126,0.72954915,30125.9,1.741624
30126,0.02303662,1688965852305,30126,0.60254915,30125.9,1.741624
30126,0.02303662,1688965852705,30126,0.90254915,30125.9,1.741624
30126,0.02303662,1688965853105,30126,0.90254915,30125.9,1.807724
30126,0.02303662,1688965853916,30126,0.60254915,30125.9,1.807724
30126,0.02303662,1688965854064,30126,0.76542508,30125.9,1.807724
30126,0.02303662,1688965854285,30126,0.46937074,30125.9,1.807724
30126,0.02303662,1688965854870,30126,0.76937074,30125.9,1.807724
30126,0.02303662,1688965855307,30126,0.46937074,30125.9,1.741624
30126,0.02303662,1688965855522,30126,0.46937074,30125.9,1.807724
30126,0.02303662,1688965856093,30126,0.59637074,30125.9,1.741624
30126,0.02303662,1688965856469,30126,0.46937074,30125.9,1.807724
30126,0.02303662,1688965856908,30126,0.59637074,30125.9,1.741624
30126,0.02303662,1688965857009,30126,0.46937074,30125.9,1.807724
30125.9,0.00337584,1688965858491,30126,0.59637074,30125.9,1.51177816
30125.9,0.00337584,1688965858837,30126,0.59637074,30125.9,1.57787816
30125.9,0.00337584,1688965858938,30126,0.59637074,30125.9,1.80434816
30125.9,0.00337584,1688965859040,30126,0.59637074,30125.9,1.73824816
30126,0.02876154,1688965859507,30126,1.4084692,30125.9,0.77979
30126,0.02876154,1688965859608,30126,2.1584692,30125.9,0.77979
30126,0.02876154,1688965859710,30126,2.0923692,30125.9,0.77979
30126,0.02876154,1688965860034,30126,2.0923692,30125.9,0.77979
30126,0.02876154,1688965860143,30126,1.3423692,30125.9,0.77979
30126,0.02876154,1688965862246,30126,2.0923692,30125.9,0.77979
30126,0.02876154,1688965862352,30126,1.3423692,30125.9,0.77979
30126,0.02876154,1688965863157,30126,1.3423692,30125.9,0.96416
30126,0.02876154,1688965863724,30126,0.8155492,30125.9,0.96416
30125.9,0.188183,1688965866070,30126,0.8155492,30125.9,0.750977
30125.9,0.188183,1688965866172,30126,1.2684892,30125.9,0.750977
30125.9,0.188183,1688965866506,30126,1.0420192,30125.9,0.750977
30125.9,0.188183,1688965866714,30126,0.8155492,30125.9,0.750977
30125.9,0.188183,1688965867065,30126,0.6885492,30125.9,1.266737
30125.9,0.188183,1688965867378,30126,0.6885492,30125.9,1.785777
30125.9,0.188183,1688965867979,30126,0.8155492,30125.9,1.719677
30125.9,0.188183,1688965868408,30126,0.8155492,30125.9,1.785777
30125.9,0.188183,1688965868538,30126,0.8155492,30125.9,1.719677
30125.9,0.188183,1688965869308,30126,0.8155492,30125.9,1.785777
30125.9,0.188183,1688965870263,30126,0.8155492,30125.9,1.719677
30125.9,0.188183,1688965870376,30126,0.8611592,30125.9,1.785777
30125.9,0.188183,1688965870485,30126,0.5611592,30125.9,1.785777
30125.9,0.188183,1688965870791,30126,0.8611592,30125.9,1.785777
30125.9,0.188183,1688965871463,30126,0.8611592,30125.9,1.719677
30125.9,0.188183,1688965872466,30126,0.8611592,30125.9,1.785777
30125.9,0.188183,1688965873208,30126,0.8611592,30125.9,1.785777
30125.9,0.188183,1688965873552,30126,0.8611592,30125.9,1.719677
30125.9,0.188183,1688965874677,30126,0.8611592,30125.9,1.785777
30125.9,0.188183,1688965874904,30126,0.8611592,30125.9,1.719677
30125.9,0.188183,1688965875412,30126,0.8611592,30125.9,1.785777
30125.9,0.188183,1688965876108,30126,0.8611592,30125.9,1.719677
30125.9,0.188183,1688965876208,30126,0.8611592,30125.9,1.785777
30125.9,0.188183,1688965877307,30126,0.8611592,30125.9,1.719677
30125.9,0.188183,1688965877835,30126,0.8611592,30125.9,1.785777
30125.9,0.188183,1688965878225,30126,0.8611592,30125.9,1.719677
30125.9,0.188183,1688965878333,30126,0.8611592,30125.9,1.785777
30125.9,0.188183,1688965878808,30126,0.5611592,30125.9,3.285777
30125.9,0.188183,1688965879137,30126,0.4406092,30125.9,3.285777
30125.9,0.188183,1688965879341,30126,0.7406092,30125.9,3.285777
30125.9,0.188183,1688965879496,30126,0.4406092,30125.9,3.285777
30125.9,0.02896241,1688965880140,30126,0.7406092,30125.9,3.19020759
30125.9,0.02896241,1688965880246,30126,0.7406092,30125.9,3.11917
30126,0.07023147,1688965881521,30126,0.67037773,30125.9,3.11917
30127.7,0.06825576,1688965881641,30127.7,0.30926427,30127.6,1.85356
30127.7,0.06825576,1688965881747,30127.7,0.38426427,30127.6,1.95498729
30127.7,0.06825576,1688965881901,30127.7,0.5213806,30127.6,1.95498729
30127.7,0.06825576,1688965882108,30127.7,0.59086092,30127.6,1.88888729
30127.7,0.06825576,1688965882656,30127.7,0.62575129,30127.6,1.88888729
30127.7,0.06825576,1688965882802,30127.7,0.62575129,30127.6,1.95498729
30127.7,0.06825576,1688965882905,30127.7,0.32575129,30127.6,2.96498729
30127.7,0.06825576,1688965883006,30127.7,0.25627097,30127.6,2.96498729
30127.7,0.06825576,1688965883447,30127.7,0.55627097,30127.6,2.89888729
30127.7,0.06825576,1688965883548,30127.7,0.55627097,30127.6,2.30352729
30127.7,0.06825576,1688965883757,30127.7,0.25627097,30127.6,2.30352729
30127.7,0.06825576,1688965884006,30127.7,0.55627097,30127.6,2.30352729
30127.7,0.06825576,1688965884108,30127.7,0.55627097,30127.6,2.36962729
30127.7,0.06825576,1688965884209,30127.7,0.55627097,30127.6,2.30352729
30127.6,0.0017,1688965884349,30127.7,0.56464827,30127.6,1.55182729
30127.6,0.0017,1688965884654,30127.7,0.56464827,30127.6,2.30182729
30127.6,0.0017,1688965885151,30127.7,0.56464827,30127.6,1.55182729
30127.6,0.0017,1688965885258,30127.7,0.26464827,30127.6,2.36792729
30127.6,0.0017,1688965885470,30127.7,0.12753194,30127.6,2.36792729
30127.6,0.0017,1688965885605,30127.7,0.05253194,30127.6,2.36792729
30127.6,0.0017,1688965885814,30127.7,0.18964827,30127.6,2.36792729
30127.6,0.0017,1688965887421,30127.7,0.2038248,30127.6,2.36792729
30127.7,0.01560651,1688965887558,30127.7,0.0234408,30127.6,2.65954742
30127.7,0.0234408,1688965887667,30129.5,0.0000211,30129.4,5.806869
30127.7,0.0234408,1688965887768,30129.5,0.0000211,30129.4,6.23875526
30129.5,0.0000211,1688965888081,30129.7,0.02704317,30129.4,6.23875526
30129.7,0.02704317,1688965888205,30132,0.00517231,30131.9,3.70533553
30129.7,0.02704317,1688965888308,30132,0.00517231,30131.9,4.68595838
30129.7,0.02704317,1688965888425,30132,0.01362828,30131.9,5.47482873
30129.7,0.02704317,1688965888563,30132,0.01362828,30131.9,4.8260646
30129.7,0.02704317,1688965888672,30132,0.00517231,30131.9,5.0860646
30132,0.00075,1688965889429,30132,0.07780953,30131.9,5.0860646
30132,0.00075,1688965890089,30132,0.00317231,30131.9,5.0860646
30132,0.00075,1688965890294,30132,0.14026907,30131.9,5.0860646
30132,0.00075,1688965891287,30132,0.00317231,30131.9,5.0860646
30132,0.00125,1688965891505,30132,0.13901907,30131.9,5.0860646
30132,0.00075,1688965891608,30132,0.13826907,30131.9,5.0860646
30132,0.00075,1688965891839,30132,0.13826907,30131.9,4.8261346
30132,0.00882769,1688965892290,30132,0.12826907,30131.9,4.93505182
30132,0.00882769,1688965892398,30132,0.12826907,30131.9,6.70843836
30132,0.00882769,1688965892501,30134.3,0.03405873,30134.2,5.90704344
30132,0.00882769,1688965892605,30136.4,0.3,30136.3,1.7593
30132,0.00882769,1688965892705,30136.4,0.50024967,30136.3,1.7593
30132,0.00882769,1688965892808,30136.4,0.50024967,30136.3,1.8593
30132,0.00882769,1688965893092,30136.4,0.73492822,30136.3,1.5332
30132,0.00882769,1688965893192,30136.4,0.804436,30136.3,1.5332
30132,0.00882769,1688965893295,30136.4,1.297496,30136.3,1.7932
30132,0.00882769,1688965893396,30136.4,1.30582622,30136.3,1.7932
30132,0.00882769,1688965893708,30136.4,1.38951622,30136.3,1.5332
30132,0.00882769,1688965893849,30136.4,1.37932622,30136.3,1.7932
30132,0.00882769,1688965894196,30136.4,1.30132622,30136.3,1.7932
30132,0.00882769,1688965894708,30136.4,1.46140622,30136.3,1.34883
30132,0.00882769,1688965894809,30136.4,1.48847004,30136.3,0.59589
30132,0.00882769,1688965894912,30136.4,1.67995004,30136.3,0.3411
30132,0.00882769,1688965895013,30136.4,1.92271228,30136.3,0.3411
30132,0.00882769,1688965895114,30136.4,1.99271228,30136.3,0.3411
30136.4,0.00066085,1688965895605,30136.4,1.92595143,30136.3,0.3411
30136.4,0.00066085,1688965895705,30136.4,1.92595143,30136.3,0.3411
30136.4,0.00066085,1688965896217,30136.4,1.69948143,30136.3,0.3411
30136.4,0.00066085,1688965896319,30136.4,1.47301143,30136.3,0.3411
30136.3,0.00676699,1688965896705,30136.4,1.47301143,30136.3,0.33433301
30136.3,0.00676699,1688965896807,30136.4,1.47301143,30136.3,0.33433301
30136.3,0.00676699,1688965897212,30136.4,1.45671919,30136.3,0.63433301
30136.3,0.00676699,1688965897313,30136.4,1.45671919,30136.3,0.33433301
30136.3,0.00676699,1688965897623,30136.4,1.45671919,30136.3,0.81870301
30136.3,0.00676699,1688965898180,30136.4,1.45671919,30136.3,0.63433301
30136.3,0.00676699,1688965898287,30136.4,1.45671919,30136.3,0.51870301
30136.3,0.00676699,1688965898508,30136.4,1.45671919,30136.3,0.33433301
30136.3,0.00676699,1688965898716,30136.4,1.45671919,30136.3,0.81870301
30136.3,0.00676699,1688965898919,30136.4,1.43071919,30136.3,0.81870301
30136.3,0.00676699,1688965901131,30136.4,1.43071919,30136.3,0.51870301
30136.3,0.00676699,1688965901481,30136.4,1.43071919,30136.3,0.33433301
30136.3,0.02599999,1688965901605,30136.4,1.43071919,30136.3,0.30833302
30136.3,0.02599999,1688965901707,30136.4,1.43071919,30136.3,0.30833302
30136.3,0.02599999,1688965902905,30136.4,1.44701143,30136.3,0.30833302
30136.3,0.02599999,1688965903339,30136.4,1.44701143,30136.3,0.60833302
30136.3,0.02599999,1688965903440,30136.4,1.44701143,30136.3,0.30833302
30136.3,0.02599999,1688965903953,30136.4,1.37560143,30136.3,0.30833302
30136.3,0.02599999,1688965904293,30136.4,1.44170143,30136.3,0.30833302
30136.3,0.02599999,1688965904644,30136.4,1.37560143,30136.3,0.30833302
30136.3,0.05,1688965904747,30136.4,1.37560143,30136.3,0.25833302
30136.3,0.01,1688965907870,30136.4,1.37560143,30136.3,0.24833302
30136.3,0.01,1688965908768,30136.4,1.35930919,30136.3,0.54833302
30136.3,0.01,1688965910805,30136.4,1.35930919,30136.3,0.24833302
30136.3,0.02501688,1688965910908,30136.4,1.35930919,30136.3,0.22331614
30136.3,0.02501688,1688965911009,30136.4,1.35930919,30136.3,0.22331614
30136.3,0.02501688,1688965911487,30136.4,1.55839479,30136.3,0.22331614
30136.3,0.02501688,1688965911589,30136.4,1.35930919,30136.3,0.22331614
30136.3,0.02501688,1688965912505,30136.4,1.42540919,30136.3,0.22331614
30136.3,0.02501688,1688965912606,30136.4,1.35930919,30136.3,0.22331614
30136.3,0.02501688,1688965913608,30136.4,1.35930919,30136.3,0.1
30136.3,0.02501688,1688965913738,30136.4,1.37560143,30136.3,0.1
30136.3,0.02501688,1688965913863,30136.4,1.44170143,30136.3,0.1
30136.3,0.02501688,1688965914099,30136.4,1.37560143,30136.3,0.1
30136.3,0.02501688,1688965914200,30136.4,1.44170143,30136.3,0.1
30136.3,0.02501688,1688965914402,30136.4,1.37560143,30136.3,0.1
30136.3,0.1,1688965915545,30132.3,0.9031417,30132.2,0.63185082
30136.3,0.1,1688965915670,30130.1,1.0236917,30130,0.59296152
30130,0.00068561,1688965915804,30130.1,1.35556697,30130,0.77857371
30130,0.00068561,1688965915906,30128.6,0.8694551,30128.5,0.48578239
30130,0.00068561,1688965916006,30128.6,0.6850851,30128.5,1.21819239
30130,0.00068561,1688965916108,30128.6,0.62479,30128.5,1.67113239
30130,0.00068561,1688965916311,30128.6,0.9566818,30128.5,2.42113239
30130,0.00068561,1688965916418,30128.6,0.9566818,30128.5,1.67113239
30130,0.00068561,1688965916550,30128.6,0.9566818,30128.5,2.48723239
30130,0.00068561,1688965916678,30128.6,0.6566818,30128.5,2.99534567
30130,0.00068561,1688965916805,30128.6,0.32479,30128.5,3.32724172
30128.5,0.00125,1688965917214,30128.6,0.32479,30128.5,3.25972933
30128.5,0.00075,1688965917315,30128.6,0.32479,30128.5,3.32507933
30128.5,0.00075,1688965918808,30128.6,0.51789,30128.5,3.25897933
30128.5,0.00075,1688965919357,30128.6,0.51789,30128.5,3.25697933
30128.5,0.00075,1688965919491,30128.6,0.51789,30128.5,3.25697933
30128.5,0.00075,1688965919825,30128.6,0.62479,30128.5,2.50697933
30128.5,0.00075,1688965920029,30128.6,0.7011,30128.5,2.10186605
30128.5,0.00075,1688965921005,30128.6,0.62479,30128.5,2.10186605
30128.5,0.00075,1688965921371,30128.6,0.9566818,30128.5,2.85186605
30128.5,0.00075,1688965922727,30128.6,0.4018918,30128.5,2.91796605
30128.5,0.00075,1688965922842,30128.6,0.5969918,30128.5,2.85186605
30128.5,0.00075,1688965923208,30128.6,0.4018918,30128.5,2.85186605
30128.5,0.00075,1688965923807,30128.6,0.4018918,30128.5,2.91796605
30128.5,0.00075,1688965924009,30128.6,0.4018918,30128.5,2.85186605
30128.5,0.00075,1688965924855,30128.6,0.07,30128.5,2.91796605
30128.5,0.00075,1688965925462,30128.6,0.07,30128.5,2.85186605
30128.5,0.00075,1688965925704,30128.6,0.07,30128.5,2.74886605
30128.5,0.00075,1688965925941,30128.6,0.07,30128.5,2.81496605
30128.5,0.00075,1688965926197,30128.6,0.07,30128.5,2.74886605
30128.5,0.00075,1688965926305,30128.6,0.07,30128.5,2.81496605
30128.5,0.00075,1688965927105,30128.6,0.07,30128.5,2.74886605
30128.5,0.00075,1688965927347,30128.6,0.07,30128.5,2.81496605
30128.5,0.00075,1688965927708,30128.6,0.07,30128.5,2.91396605
30128.5,0.00075,1688965927809,30128.6,0.07,30128.5,3.50373031
30128.5,0.00075,1688965928613,30128.6,0.07,30128.5,3.43763031
30128.5,0.00075,1688965928871,30128.6,0.07,30128.5,3.50373031
30128.5,0.00075,1688965931605,30128.6,0.07,30128.5,2.99696605
30128.5,0.00075,1688965932422,30128.6,0.07,30128.5,3.06837605
30128.5,0.00157681,1688965934009,30128.6,0.07,30128.5,3.06679924
30128.5,0.00157681,1688965934794,30128.6,0.07,30128.5,3.00069924
30128.5,0.00157681,1688965935006,30128.6,0.07,30128.5,3.06679924
30128.5,0.00157681,1688965935383,30128.6,0.07,30128.5,3.29134348
30128.5,0.00157681,1688965937205,30128.6,0.07,30128.5,3.22524348
30128.5,0.00157681,1688965937439,30128.6,0.07,30128.5,3.29134348
30130.8,0.01,1688965940508,30130.8,0.01636074,30128.9,0.3
30130.8,0.01,1688965940609,30133.6,0.37141,30133.5,2.27005268
30130.8,0.01,1688965940740,30133.6,0.37141,30133.5,2.37005268
30130.8,0.01,1688965940853,30133.6,0.39775915,30133.5,2.37005268
30130.8,0.01,1688965941308,30133.6,0.39775915,30133.5,1.94255268
30130.8,0.01,1688965941410,30133.6,0.99877915,30133.5,1.84272779
30130.8,0.01,1688965941660,30133.6,0.92736915,30133.5,1.84272779
30130.8,0.01,1688965942865,30133.6,0.92736915,30133.5,1.90882779
30130.8,0.01,1688965943350,30133.6,0.92736915,30133.5,1.84272779
30130.8,0.01,1688965943465,30133.6,1.25920591,30133.5,1.84272779
30130.8,0.01,1688965943707,30133.6,1.27424591,30133.5,1.84272779
30130.8,0.01,1688965943955,30133.6,1.25920591,30133.5,1.84272779
30133.5,0.01,1688965944276,30133.6,1.25920591,30133.5,1.83272779
30133.5,0.01,1688965944405,30133.6,1.25920591,30133.5,1.83272779
30133.5,0.01,1688965944757,30133.6,1.31056591,30133.5,1.83272779
30133.5,0.01,1688965945158,30133.6,1.25920591,30133.5,1.83272779
30133.5,0.01,1688965945275,30133.6,0.65818591,30133.5,1.83272779
30133.5,0.0017,1688965945405,30133.6,0.65818591,30133.5,1.83102779
30133.5,0.0017,1688965945560,30133.6,0.65818591,30133.5,1.83102779
30133.5,0.0017,1688965947084,30133.6,0.65818591,30133.5,1.89712779
30133.5,0.02421777,1688965947442,30133.6,0.65818591,30133.5,1.78102779
30133.5,0.02421777,1688965948608,30133.6,0.35818591,30133.5,2.59712779
30133.5,0.02421777,1688965949796,30133.6,0.35818591,30133.5,1.84712779
30133.5,0.02421777,1688965950163,30133.6,0.35818591,30133.5,1.78102779
30133.5,0.005799,1688965950708,30133.6,0.35818591,30133.5,1.77522879
30133.5,0.005799,1688965950862,30133.6,0.35818591,30133.5,1.77522879
30133.6,0.33183676,1688965951864,30136.4,0.10286844,30136.3,2.26128
30137.9,0.08338123,1688965951990,30137.9,0.09661877,30136.3,2.36028
30137.9,0.08338123,1688965952105,30137.9,0.09661877,30137.8,2.54466
30137.9,0.08338123,1688965952308,30137.9,0.14262415,30137.8,2.64466
30137.9,0.08338123,1688965953377,30137.9,0.16961005,30137.8,2.09835087
30137.9,0.08338123,1688965953477,30137.9,0.03526186,30137.8,2.76234053
30137.9,0.01313538,1688965953591,30138,0.28969778,30137.9,4.84562399
30137.9,0.01313538,1688965953705,30138,0.28969778,30137.9,4.91699399
30137.9,0.01313538,1688965953808,30138,0.28969778,30137.9,5.01699399
30137.9,0.01313538,1688965954064,30138,0.31688542,30137.9,5.01699399
30137.9,0.01313538,1688965954606,30138,0.31688542,30137.9,5.34878323
30137.9,0.01313538,1688965957098,30138,0.31688542,30137.9,4.85561622
30137.9,0.01313538,1688965957533,30138,0.31688542,30137.9,4.78951622
30137.9,0.01313538,1688965958218,30138,0.31688542,30137.9,4.85561622
30137.9,0.01313538,1688965958336,30138,0.31688542,30137.9,4.78951622
30137.9,0.01313538,1688965958908,30138,0.31688542,30137.9,5.01361622
30137.9,0.01313538,1688965959111,30138,0.31688542,30137.9,4.91461622
30137.9,0.01313538,1688965960128,30138,0.31688542,30137.9,4.84851622
30137.9,0.01313538,1688965960605,30138,0.31688542,30137.9,4.91461622
30137.9,0.01313538,1688965962507,30138,0.31688542,30137.9,4.84851622
30137.9,0.01313538,1688965962608,30138,0.31688542,30137.9,4.91461622
30138,0.000013,1688965962944,30138,0.31687242,30137.9,4.91461622
30138,0.000013,1688965963051,30138,0.31691182,30137.9,4.91461622
30138,0.000013,1688965963442,30138,0.31691182,30137.9,5.3103381
30138,0.000013,1688965964459,30138,0.31687242,30137.9,5.3103381
30138,0.000013,1688965965651,30138,0.31687242,30137.9,4.84851622
30138,0.01,1688965966065,30138,0.30687242,30137.9,4.91461622
30138,0.01,1688965966176,30138,0.30687242,30137.9,5.27361622
30138,0.01,1688965967261,30138,0.29687242,30137.9,6.04996918
30138,0.01,1688965967370,30138,0.29687242,30137.9,7.09335572
30138,0.01,1688965967501,30138,0.29687242,30137.9,8.71740659
30137.9,0.0090646,1688965968680,30138,0.29687242,30137.9,8.70834199
30137.9,0.0090646,1688965968780,30138,0.29687242,30137.9,7.93198903
30138,0.02718764,1688965969809,30138.7,0.01383603,30138.6,9.00880628
30139.1,0.12322862,1688965969963,30144,0.36734364,30143.9,1.44518
30139.1,0.12322862,1688965970064,30144,0.33172209,30143.9,2.19518
30139.1,0.12322862,1688965970176,30144,0.63172209,30143.9,1.54518
30139.1,0.12322862,1688965970282,30144,0.46876427,30143.9,1.54518
30139.1,0.12322862,1688965970389,30144,0.48556427,30143.9,1.54518
30139.1,0.12322862,1688965970506,30144,0.46876427,30143.9,1.61128
30143.9,0.04528106,1688965970608,30144,0.48556427,30143.9,1.49989894
30143.9,0.04528106,1688965970763,30144,0.46876427,30143.9,1.49989894
30143.9,0.04528106,1688965971194,30144,0.46876427,30143.9,2.24989894
30143.9,0.04528106,1688965971406,30144,0.13704218,30143.9,2.31599894
30143.9,0.04528106,1688965971870,30144,0.13704218,30143.9,2.38736894
30144,0.00125,1688965972090,30144,0.13579218,30143.9,2.38736894
30144,0.00075,1688965972190,30144,0.12245859,30143.9,2.38736894
30144,0.00075,1688965972291,30144.4,0.02591282,30144.3,2.8381476
30144,0.00075,1688965972399,30144.4,0.00843055,30144.3,2.8381476
30144,0.00075,1688965972506,30144.4,0.00843055,30144.3,2.9381476
30144,0.00075,1688965972608,30144.4,0.30843055,30144.3,2.1881476
30144,0.00075,1688965972763,30144.4,0.14547092,30144.3,3.2642476
30144,0.00075,1688965973708,30144.4,0.44547092,30144.3,2.4481476
30144,0.00075,1688965973963,30144.4,0.14547092,30144.3,3.2642476
30144.4,0.00125,1688965974198,30144.4,0.14422092,30144.3,3.1981476
30144.4,0.00075,1688965974300,30144.4,0.14347092,30144.3,2.4481476
30144.4,0.00075,1688965974401,30144.4,0.14347092,30144.3,2.4481476
30144.4,0.00075,1688965974503,30144.4,0.44347092,30144.3,2.4481476
30144.4,0.00075,1688965974604,30144.4,0.57086092,30144.3,2.4481476
30144.4,0.00075,1688965975009,30144.4,0.66359092,30144.3,1.7932
30144.4,0.00075,1688965975163,30144.4,1.18850091,30144.3,1.7932
30144.4,0.00075,1688965976311,30144.4,0.14347092,30144.3,2.85932208
30144.4,0.00075,1688965976413,30144.5,0.02674847,30144.4,4.36984506
30144.4,0.00075,1688965976565,30144.5,0.02674847,30144.4,6.35011583
30144.4,0.00075,1688965976686,30144.5,0.02674847,30144.4,6.45011583
30144.8,0.01383323,1688965976906,30145.2,0.12320369,30144.4,6.54911583
30144.8,0.01383323,1688965977008,30145.2,0.15005254,30145.1,8.57633206
30144.8,0.01383323,1688965977112,30145.2,0.16388558,30145.1,8.93108206
30144.8,0.01383323,1688965977369,30145.2,0.16388558,30145.1,8.88133206
30145.1,0.01,1688965977605,30145.2,0.13703673,30145.1,8.87133206
30145.1,0.01,1688965977707,30145.2,0.13703673,30145.1,8.87133206
30145.1,0.01,1688965977808,30145.2,0.13703673,30145.1,8.44383206
30145.1,0.01,1688965978174,30145.2,0.13703673,30145.1,10.2969509
30145.1,0.01,1688965978291,30149.3,0.3,30149.2,2.4700166
30145.1,0.01,1688965978406,30149.3,0.3,30149.2,2.5700166
30145.1,0.01,1688965978507,30149.3,0.3,30149.2,2.81062913
30145.1,0.01,1688965978608,30149.3,0.7686821,30149.2,2.87672913
30145.1,0.01,1688965978709,30149.3,0.7686821,30149.2,2.29019521
30145.1,0.01,1688965980015,30149.3,0.7686821,30149.2,2.29019521
30149.2,0.05,1688965980708,30149.3,0.8372321,30149.2,2.05582521
30149.2,0.05,1688965980987,30149.3,2.3372321,30149.2,1.75582521
30149.2,0.05,1688965981105,30149.3,2.3372321,30149.2,2.05582521
30149.3,0.33166401,1688965981229,30149.3,0.50556809,30149.2,2.05582521
30149.3,0.02312034,1688965981330,30149.3,0.48244775,30149.2,2.24019521
30149.3,0.02312034,1688965981586,30149.3,0.48244775,30149.2,1.8932
30149.3,0.02312034,1688965981705,30149.3,0.58144775,30149.2,1.8932
30149.3,0.02312034,1688965981808,30149.3,0.81411176,30149.2,1.8932
30149.3,0.02312034,1688965982190,30149.3,0.74556176,30149.2,1.8932
30149.3,0.02312034,1688965982408,30149.3,0.75886176,30149.2,1.8932
30149.2,0.00464954,1688965984605,30149.3,0.75886176,30149.2,1.88855046
30149.2,0.00464954,1688965984734,30149.3,0.75886176,30149.2,1.88855046
30149.2,0.00464954,1688965985508,30149.3,0.75886176,30149.2,1.88855046
30149.2,0.00464954,1688965986345,30149.3,0.74556176,30149.2,1.88855046
30149.2,0.00464954,1688965988266,30149.3,0.80630176,30149.2,1.58855046
30149.2,0.00464954,1688965988405,30149.3,0.80630176,30149.2,1.88855046
30149.2,0.00464954,1688965988508,30149.3,0.80630176,30149.2,1.58855046
30149.2,0.01001391,1688965988660,30149.3,0.80630176,30149.2,1.57853655
30149.2,0.01001391,1688965988761,30149.3,0.80630176,30149.2,1.57853655
30149.2,0.01001391,1688965988863,30149.3,0.80630176,30149.2,1.39416655
30149.2,0.01001391,1688965988967,30149.3,0.80630176,30149.2,1.87853655
30149.2,0.01001391,1688965989308,30149.3,0.74556176,30149.2,1.87853655
30149.2,0.001,1688965989564,30149.3,0.74556176,30149.2,1.87753655
30149.2,0.001,1688965990879,30149.3,0.82970176,30149.2,1.87753655
30149.2,0.001,1688965991907,30149.3,2.32970176,30149.2,1.16773
30149.2,0.001,1688965992009,30149.3,2.42870176,30149.2,0.68126
30149.2,0.001,1688965992163,30149.3,2.42870176,30149.2,0.2
30149.2,0.001,1688965992487,30149.3,2.42870176,30149.2,0.62055
30149.2,0.001,1688965992689,30149.3,0.92870176,30149.2,0.32055
30149.2,0.001,1688965992805,30149.3,2.42870176,30149.2,0.32055
30149.2,0.001,1688965995064,30149.3,0.92870176,30149.2,0.62055
30149.2,0.001,1688965995401,30149.3,2.42870176,30149.2,0.32055
30149.2,0.001,1688965996807,30149.3,0.92870176,30149.2,0.32055
30149.2,0.001,1688965997114,30149.3,2.42870176,30149.2,0.32055
30149.2,0.001,1688965997818,30149.3,0.92870176,30149.2,0.32055
30149.2,0.001,1688965997919,30149.3,2.42870176,30149.2,0.32055
30149.2,0.001,1688965998616,30149.3,0.92870176,30149.2,0.44794
30149.2,0.001,1688965999305,30149.3,1.67870176,30149.2,0.44794
30149.2,0.001,1688965999405,30149.3,2.42870176,30149.2,0.44794
30149.2,0.001,1688966001105,30149.3,0.92870176,30149.2,0.44794
30149.2,0.001,1688966002136,30149.3,0.82970176,30149.2,0.97441
30149.2,0.001,1688966002289,30149.3,0.82970176,30149.2,0.67441
30149.2,0.001,1688966002401,30149.3,0.82970176,30149.2,0.97441
30149.2,0.001,1688966002505,30149.3,0.92870176,30149.2,0.97441
30149.2,0.001,1688966002605,30149.3,0.92870176,30149.2,0.67441
30149.2,0.001,1688966003036,30149.3,0.92870176,30149.2,1.15878
30149.2,0.001,1688966003137,30149.3,0.92870176,30149.2,0.85878
30149.2,0.001,1688966003239,30149.3,0.92870176,30149.2,0.67441
30149.2,0.001,1688966003493,30149.3,2.42870176,30149.2,0.67441
30149.2,0.001,1688966003808,30149.3,2.42870176,30149.2,0.44794
30149.2,0.001,1688966004144,30149.3,1.67870176,30149.2,0.67441
30149.2,0.001,1688966004297,30149.3,1.46350176,30149.2,0.90088
30149.2,0.0017,1688966005447,30149.3,1.46350176,30149.2,0.89918
30149.2,0.0017,1688966005548,30149.3,2.96350176,30149.2,0.44624
30149.3,0.01658413,1688966005664,30149.3,2.94691763,30149.2,0.44624
30149.3,0.01658413,1688966005805,30149.3,2.94691763,30149.2,0.67271
30149.3,0.01658413,1688966005907,30149.3,2.19691763,30149.2,0.67271
30149.3,0.01658413,1688966006008,30149.3,1.44691763,30149.2,0.67271
30149.3,0.01658413,1688966007605,30149.3,1.44691763,30149.2,0.85708
30149.3,0.01658413,1688966007808,30149.3,1.44691763,30149.2,1.08355
30149.3,0.01658413,1688966008462,30149.3,1.44691763,30149.2,1.08812177
30149.2,0.03316576,1688966008564,30149.3,1.44691763,30149.2,0.41764601
30149.2,0.03316576,1688966008704,30149.3,1.44691763,30149.2,0.35251177
30149.2,0.03316576,1688966009807,30149.3,2.94691763,30149.2,0.35251177
30149.2,0.03316576,1688966010467,30149.3,1.44691763,30149.2,0.35251177
30149.2,0.03316576,1688966011263,30149.3,1.44691763,30149.2,0.80545177
30149.2,0.03316576,1688966011705,30149.3,1.44691763,30149.2,0.98982177
30149.2,0.03316576,1688966012064,30149.3,1.44691763,30149.2,0.57898177
30149.2,0.00316969,1688966012176,30149.3,1.44691763,30149.2,0.57581208
30149.2,0.00316969,1688966012282,30149.3,1.44691763,30149.2,0.80228208
30149.3,0.16584132,1688966014480,30149.3,1.28107631,30149.2,0.80228208
30149.2,0.0102,1688966014787,30149.3,1.28107631,30149.2,0.79208208
30149.2,0.0102,1688966014893,30149.3,1.28107631,30149.2,0.33914208
30149.2,0.0102,1688966016263,30149.3,1.28107631,30149.2,0.56561208
30149.2,0.0102,1688966016805,30149.3,1.28107631,30149.2,1.04998208
30149.2,0.0102,1688966016908,30149.3,0.56313631,30149.2,1.34255208
30149.2,0.0102,1688966017009,30149.3,0.56313631,30149.2,2.84255208
30149.2,0.0102,1688966017705,30149.3,0.56313631,30149.2,2.77645208
30149.2,0.0102,1688966018010,30149.3,0.69052631,30149.2,2.77754483
30149.2,0.0102,1688966018270,30149.3,0.71816631,30149.2,1.27754483
30149.2,0.0102,1688966020280,30149.3,0.69052631,30149.2,1.27754483
30149.2,0.0102,1688966022421,30149.3,0.87489631,30149.2,1.27754483
30149.2,0.0102,1688966022525,30149.3,0.87489631,30149.2,1.09317483
30149.2,0.0102,1688966022626,30149.3,1.33450631,30149.2,0.79317483
30149.2,0.0102,1688966022728,30149.3,1.33450631,30149.2,1.09317483
30149.2,0.0102,1688966024106,30149.3,1.43350631,30149.2,1.09317483
30149.2,0.0102,1688966025205,30149.3,1.43350631,30149.2,1.27754483
30149.2,0.0102,1688966025307,30149.3,1.43350631,30149.2,0.79317483
30149.2,0.0102,1688966026441,30149.3,1.33450631,30149.2,0.79317483
30149.2,0.0102,1688966026548,30149.3,1.33450631,30149.2,1.09317483
30149.2,0.0102,1688966026803,30149.3,1.33450631,30149.2,0.79317483
30149.2,0.0102,1688966027136,30149.3,1.33450631,30149.2,0.79317483
30149.2,0.0102,1688966027352,30149.3,1.33450631,30149.2,1.09317483
30149.2,0.0102,1688966027605,30149.3,1.33450631,30149.2,0.79317483
30149.2,0.0102,1688966028009,30149.3,1.33450631,30149.2,1.09317483
30149.2,0.0102,1688966030256,30149.3,1.33450631,30149.2,0.79317483
30149.2,0.0102,1688966030464,30149.3,1.33450631,30149.2,1.09317483
30149.2,0.0102,1688966031405,30149.3,1.33450631,30149.2,1.27754483
30149.2,0.0102,1688966031871,30149.3,1.33450631,30149.2,0.97754483
30149.2,0.0102,1688966032572,30149.3,1.33450631,30149.2,1.27754483
30149.2,0.0102,1688966032775,30149.3,1.33450631,30149.2,0.97754483
30149.2,0.0102,1688966033005,30149.3,1.15013631,30149.2,1.27754483
30149.2,0.0102,1688966033107,30149.3,1.15013631,30149.2,2.02754483
30149.2,0.0102,1688966033263,30149.3,0.69052631,30149.2,2.84364483
30149.2,0.0102,1688966033363,30149.3,0.69052631,30149.2,2.77754483
30149.2,0.0102,1688966033470,30149.3,0.69052631,30149.2,1.27754483
30149.3,0.00105824,1688966034683,30149.3,0.68946807,30149.2,1.27754483
30149.2,0.0178,1688966034786,30149.3,0.87383807,30149.2,1.25974483
30149.2,0.00096969,1688966034887,30149.3,0.87383807,30149.2,1.00557483
30149.2,0.00096969,1688966035480,30149.3,0.87383807,30149.2,1.25604483
30149.2,0.00096969,1688966035686,30149.3,0.68946807,30149.2,1.25604483
30149.2,0.00096969,1688966035963,30149.3,0.56207807,30149.2,1.25604483
30149.2,0.00096969,1688966036174,30149.3,0.56207807,30149.2,1.18994483
30149.2,0.00096969,1688966036405,30149.3,0.72257807,30149.2,1.18994483
30149.2,0.00096969,1688966037195,30149.3,0.56207807,30149.2,1.18994483
30149.2,0.00096969,1688966037405,30149.3,0.74644807,30149.2,1.18994483
30149.2,0.00096969,1688966038708,30149.3,0.74644807,30149.2,1.00557483
30149.2,0.00096969,1688966040103,30149.3,0.74644807,30149.2,1.00557483
30149.2,0.00096969,1688966040407,30149.3,1.78901807,30149.2,0.55263483
30149.2,0.00096969,1688966040508,30149.3,2.57191807,30149.2,0.55263483
30149.2,0.00096969,1688966040611,30149.3,0.97291807,30149.2,0.55263483
30149.2,0.00096969,1688966040868,30149.3,0.74644807,30149.2,0.55263483
30149.2,0.00096969,1688966041308,30149.3,0.74644807,30149.2,1.00557483
30149.2,0.00096969,1688966041412,30149.3,0.74644807,30149.2,1.50888483
30149.2,0.00096969,1688966041517,30149.3,0.74644807,30149.2,1.69325483
30149.2,0.00096969,1688966042216,30149.3,0.56207807,30149.2,1.69325483
30149.2,0.00096969,1688966042320,30149.3,0.60632807,30149.2,1.46678483
30149.2,0.00096969,1688966043727,30149.3,0.56207807,30149.2,1.46678483
30149.2,0.00096969,1688966045605,30149.3,0.68946807,30149.2,1.46678483
30149.2,0.0004,1688966047440,30149.3,0.83198807,30149.2,1.23991483
30149.2,0.0004,1688966047643,30149.3,0.83198807,30149.2,1.05554483
30149.2,0.0004,1688966048105,30149.3,0.83198807,30149.2,0.55223483
30149.2,0.0004,1688966048207,30149.3,1.34179807,30149.2,0.55223483
30149.2,0.0004,1688966048546,30149.3,1.34179807,30149.2,0.25223483
30149.2,0.00022561,1688966048749,30149.3,1.34179807,30149.2,0.55200922
30149.2,0.00022561,1688966048903,30149.3,1.34179807,30149.2,0.55200922
30149.2,0.00022561,1688966049551,30149.3,1.34179807,30149.2,0.73637922
30149.2,0.00022561,1688966050359,30149.3,1.34179807,30149.2,0.55200922
30149.2,0.00022561,1688966051151,30149.3,1.44079807,30149.2,0.55200922
30149.2,0.00022561,1688966052164,30149.3,0.68946807,30149.2,0.73637922
30149.2,0.00022561,1688966052408,30149.3,0.68946807,30149.2,1.22977922
30149.2,0.00022561,1688966052661,30149.3,0.68946807,30149.2,1.68271922
30149.2,0.00022561,1688966052762,30149.3,0.68946807,30149.2,2.43271922
30149.2,0.00022561,1688966052968,30149.3,0.68946807,30149.2,3.18271922
30149.2,0.00022561,1688966053205,30149.3,0.68946807,30149.2,2.43271922
30149.2,0.00022561,1688966053563,30149.3,0.68946807,30149.2,1.45624922
30149.2,0.06667749,1688966054261,30149.3,0.68946807,30149.2,1.16310173
30149.2,0.06667749,1688966055108,30149.3,0.87383807,30149.2,0.97873173
30149.2,0.01,1688966055469,30149.3,0.87383807,30149.2,0.96873173
30149.2,0.03492326,1688966055677,30149.3,0.87383807,30149.2,0.93380847
30149.2,0.03492326,1688966055780,30149.3,0.87383807,30149.2,0.93380847
30149.2,0.03492326,1688966055880,30149.3,0.87383807,30149.2,1.11817847
30149.2,0.03492326,1688966055982,30149.3,0.56207807,30149.2,1.11817847
30149.2,0.03492326,1688966056305,30149.3,0.70286807,30149.2,1.1182208
30149.2,0.03492326,1688966056774,30149.3,0.68262807,30149.2,1.1182208
30149.2,0.03492326,1688966057664,30149.3,0.68904807,30149.2,1.1182208
30149.2,0.03492326,1688966057888,30149.3,0.68904807,30149.2,0.9338508
30149.2,0.00264605,1688966058787,30149.3,0.68904807,30149.2,0.9238508
30149.2,0.00264605,1688966059755,30149.3,0.84954807,30149.2,0.4304508
30149.2,0.00264605,1688966059863,30149.3,1.39355806,30149.2,0.4304508
30149.2,0.00264605,1688966060090,30149.3,1.39355806,30149.2,0.6569208
30149.2,0.00264605,1688966061009,30149.3,1.39355806,30149.2,0.1304508
30149.2,0.00264605,1688966061164,30149.3,3.35324306,30149.2,0.00570685
30149.2,0.00033077,1688966061395,30149.3,3.35324306,30149.2,0.00537608
30149.2,0.00033077,1688966061504,30149.3,3.87228306,30149.2,0.00537608
30149.2,0.00033077,1688966061706,30149.3,3.94189739,30149.2,0.00537608
30149.2,0.00033077,1688966061962,30149.3,3.87579739,30149.2,0.00537608
30149.2,0.00033077,1688966062067,30149.3,3.94189739,30149.2,0.00537608
30149.2,0.00033077,1688966062300,30149.3,3.87579739,30149.2,0.00537608
30149.2,0.00033077,1688966062810,30149.3,3.94189739,30149.2,0.00537608
30149.2,0.00033077,1688966063168,30149.3,3.87579739,30149.2,0.40228608
30149.2,0.00033077,1688966063275,30149.3,3.42285739,30149.2,0.40228608
30149.2,0.00033077,1688966064019,30149.3,3.35324306,30149.2,0.40228608
30149.2,0.00033077,1688966064171,30149.3,3.41934306,30149.2,0.40228608
30149.2,0.0019901,1688966064301,30149.3,3.35324306,30149.2,0.40029598
30149.2,0.00661402,1688966064405,30149.3,3.64581306,30149.2,0.39029598
30149.2,0.00661402,1688966064507,30146.5,0.82820503,30146.4,0.73694014
30149.2,0.00661402,1688966064607,30146.5,0.81606182,30146.4,1.57588018
30149.2,0.00661402,1688966064710,30146.5,0.81606182,30146.4,1.88625027
30149.2,0.00661402,1688966065577,30146.5,0.63169182,30146.4,1.88625027
30146.4,0.0017,1688966065705,30146.5,0.63169182,30146.4,1.88455027
30146.4,0.0017,1688966065816,30146.5,0.63169182,30146.4,1.88455027
30146.4,0.0017,1688966066508,30146.5,0.63169182,30146.4,1.95065027
30146.4,0.0017,1688966066621,30146.5,0.63169182,30146.4,3.4882303
30146.4,0.0017,1688966066725,30146.5,0.63169182,30146.4,2.7382303
30146.4,0.0017,1688966066827,30146.5,0.63169182,30146.4,1.88455027
30146.4,0.02,1688966067508,30146.5,0.63169182,30146.4,1.86455027
30146.4,0.02,1688966067625,30146.5,0.63169182,30146.4,1.92755032
30146.4,0.02,1688966069934,30146.5,0.63169182,30146.4,2.74055032
30146.4,0.02,1688966070533,30146.5,0.63169182,30146.4,1.92755032
30146.4,0.00033504,1688966075871,30146.5,0.63169182,30146.4,1.92721528
30146.4,0.01,1688966080264,30146.5,0.63169182,30146.4,1.91721528
30146.4,0.01,1688966080687,30146.5,0.65776182,30146.4,1.91721528
30146.4,0.01,1688966080907,30146.5,0.65776182,30146.4,1.42821514
30146.4,0.01,1688966081380,30146.5,0.65776182,30146.4,1.49121522
30146.4,0.01,1688966081484,30146.5,0.68365411,30146.4,1.49121522
30146.4,0.01515425,1688966083305,30146.5,0.68365411,30146.4,1.47606097
30146.4,0.01515425,1688966083405,30146.5,0.68365411,30146.4,1.22869089
30146.4,0.01515425,1688966083663,30146.5,0.68365411,30146.4,1.59169092
30146.4,0.01515425,1688966083765,30146.5,0.68365411,30146.4,1.10130089
30146.4,0.01515425,1688966083897,30145.2,1.451683,30145.1,0.07137
30146.4,0.01515425,1688966084002,30144.6,1.18325573,30144.5,0.06300004
30146.4,0.01515425,1688966084103,30141.5,0.79636,30141.4,0.26
30146.4,0.01515425,1688966084205,30141.1,1.89636274,30141,0.27383497
30146.4,0.01515425,1688966084305,30140.8,1.7508953,30140.7,0.105
30146.4,0.01515425,1688966084407,30140.8,1.93089531,30140.7,0.285
30146.4,0.01515425,1688966084663,30140.8,1.47795531,30140.7,0.285
30146.4,0.01515425,1688966085108,30140.8,1.23543531,30140.7,0.285
30140.7,0.00125,1688966085209,30140.8,1.30153531,30140.7,0.28375
30140.7,0.00075,1688966085311,30140.8,1.23543531,30140.7,0.283
30140.7,0.05,1688966086396,30140.8,1.23543531,30140.7,0.233
30140.7,0.05,1688966086505,30140.8,1.23543531,30140.7,0.233
30140.7,0.05,1688966086814,30140.8,1.23543531,30140.7,0.68594
30140.7,0.00125,1688966087408,30140.8,1.23543531,30140.7,0.231
30140.7,0.00125,1688966087514,30140.8,1.23543531,30140.7,0.231
30140.7,0.00125,1688966087619,30138.6,0.80837,30138.5,0.42337203
30140.7,0.00125,1688966087724,30138.6,0.80837,30138.5,0.73548605
30140.7,0.00125,1688966087983,30138.6,0.80837,30138.5,0.77830811
30140.7,0.00125,1688966088105,30138.6,0.80837,30138.5,1.88324435
30140.7,0.00125,1688966088208,30138.6,0.48437,30138.5,1.88324435
30140.7,0.00125,1688966088316,30138.6,0.48437,30138.5,2.79588836
30140.7,0.00125,1688966088678,30138.6,0.48437,30138.5,2.90164837
30140.7,0.00125,1688966089108,30138.6,0.48437,30138.5,2.79588836
30140.7,0.00125,1688966089430,30138.6,0.48437,30138.5,2.00306635
30138.5,0.02299999,1688966089682,30138.6,0.48437,30138.5,1.98006636
30138.5,0.02299999,1688966089805,30138.6,0.48437,30138.5,1.98006636
30138.5,0.02299999,1688966090124,30138.6,0.48437,30138.5,2.77288842
30138.5,0.02299999,1688966090705,30138.6,0.48437,30138.5,2.87864843
30138.5,0.02299999,1688966091128,30138.6,0.48437,30138.5,1.25334436
30138.5,0.02299999,1688966091228,30138.6,0.48437,30138.5,1.14442227
30138.5,0.02299999,1688966091538,30138.6,0.48437,30138.5,1.89442227
30138.5,0.02299999,1688966091640,30138.6,0.48437,30138.5,1.93724427
30138.5,0.02299999,1688966092002,30138.6,0.48437,30138.5,2.73006628
30138.5,0.02299999,1688966092206,30138.6,0.48437,30138.5,2.83582631
30138.5,0.00317795,1688966092946,30138.6,0.48437,30138.5,2.81282632
30138.5,0.00317795,1688966093047,30138.6,0.48437,30138.5,2.70706629
30138.5,0.00317795,1688966093154,30138.6,0.48437,30138.5,1.91424428
30138.5,0.00317795,1688966093303,30138.6,0.48437,30138.5,1.16424428
30138.5,0.00317795,1688966093507,30138.6,0.48437,30138.5,2.74988837
30138.5,0.00317795,1688966093738,30138.6,0.48437,30138.5,2.85564838
30138.5,0.00317795,1688966094041,30138.6,0.48437,30138.5,2.81598837
30138.5,0.00317795,1688966094142,30138.6,0.48437,30138.5,2.74988837
30138.5,0.00317795,1688966094346,30138.6,0.48437,30138.5,2.85564841
30138.5,0.00317795,1688966094706,30138.6,0.48437,30138.5,2.74988837
30138.5,0.17258895,1688966094908,30138.6,0.48437,30138.5,2.45992737
30138.5,0.17258895,1688966095010,30138.6,0.48437,30138.5,2.45992737
30138.5,0.17258895,1688966096009,30138.6,0.48437,30138.5,0.87428328
30138.5,0.17258895,1688966096149,30138.6,0.48437,30138.5,2.82286537
30138.5,0.17258895,1688966096249,30138.6,0.48437,30138.5,2.86568737
30138.5,0.17258895,1688966096350,30138.6,0.48437,30138.5,3.09287938
30138.5,0.17258895,1688966096656,30138.6,0.48437,30138.5,2.79958737
30138.5,0.01,1688966097105,30138.6,0.48437,30138.5,2.89534742
30138.5,0.01,1688966097208,30138.6,0.48437,30138.5,2.89534742
30138.5,0.01,1688966097457,30138.6,0.48437,30138.5,2.78958737
30138.5,0.01,1688966097862,30138.6,0.48437,30138.5,2.85568737
30138.5,0.01,1688966097964,30138.6,0.48437,30138.5,2.89534746
30138.5,0.01,1688966099167,30138.6,0.48437,30138.5,3.03716947
30138.5,0.01,1688966099273,30138.6,0.48437,30138.5,2.97106947
30138.5,0.01,1688966099477,30138.6,0.48437,30138.5,2.09892738
30138.5,0.01,1688966099704,30138.6,0.48437,30138.5,2.95784943
30138.5,0.01,1688966100008,30138.6,0.48437,30138.5,3.0006715
30138.5,0.01,1688966100164,30138.6,0.48437,30138.5,3.0006715
30138.5,0.01,1688966100367,30138.6,0.48537,30138.5,3.0006715
30138.5,0.01,1688966100671,30138.6,0.48537,30138.5,2.9016715
30138.5,0.01,1688966100873,30138.6,0.48537,30138.5,2.10884943
30138.5,0.01,1688966101180,30138.6,0.48537,30138.5,2.90167143
30138.5,0.01,1688966101285,30138.6,0.48537,30138.5,2.10884943
30138.5,0.01,1688966101760,30138.6,0.48537,30138.5,1.72320535
30138.5,0.01,1688966101975,30138.6,0.48537,30138.5,2.47320535
30138.5,0.01,1688966102180,30138.6,0.48537,30138.5,0.90710535
30138.5,0.01,1688966102281,30138.6,0.48537,30138.5,0.82146128
30138.5,0.01,1688966102381,30138.6,0.81714817,30138.5,0.82146128
30138.5,0.01,1688966102690,30138.6,0.93324817,30138.5,0.27496105
30138.5,0.01,1688966102795,30136.1,0.74202225,30136,0.1292
30138.5,0.01,1688966102906,30136.1,1.07382779,30136,0.42161105
30138.5,0.01,1688966103008,30135.1,0.91257225,30135,0.0033017
30138.5,0.01,1688966103108,30135.1,1.2443888,30135,0.0603017
30138.5,0.01,1688966103363,30135.1,1.9943888,30135,0.0033017
30138.5,0.01,1688966103889,30132.7,0.658053,30132.6,1.17336105
30138.5,0.01,1688966103990,30132.7,0.61463225,30132.6,1.17336105
30138.5,0.01,1688966104197,30132.7,0.61463225,30132.6,1.10726105
30132.6,0.01471481,1688966104402,30132.7,0.61463225,30132.6,1.09254624
30132.6,0.01471481,1688966104505,30132.7,0.61463225,30132.6,1.20854624
30132.6,0.01471481,1688966104607,30132.7,0.61463225,30132.6,1.27464624
30132.6,0.01471481,1688966104992,30132.7,0.61463225,30132.6,1.20854624
30132.6,0.01471481,1688966105092,30132.7,0.61463225,30132.6,1.27464624
30132.6,0.01471481,1688966106814,30132.7,0.61463225,30132.6,2.51464624
30132.6,0.01471481,1688966107300,30135.1,0.3,30132.6,3.74712267
30138.2,0.05,1688966107402,30138.3,0.01383621,30138.2,0.42694
30138.2,0.05,1688966107503,30138.3,0.38859205,30138.2,1.50876105
30138.2,0.05,1688966107604,30138.3,0.01383621,30138.2,2.35876105
30138.2,0.0339,1688966107705,30138.3,0.87421621,30138.2,1.55876105
30138.2,0.0339,1688966107806,30138.3,0.83813621,30138.2,1.60876105
30138.2,0.0339,1688966107908,30138.3,0.83913621,30138.2,1.60876105
30138.2,0.0339,1688966108374,30138.3,0.54597621,30138.2,1.54266105
30138.2,0.0339,1688966108705,30138.3,0.54597621,30138.2,1.41527105
30138.2,0.0339,1688966108907,30138.3,0.54597621,30138.2,1.48137105
30138.2,0.0339,1688966109008,30138.3,0.14906621,30138.2,1.48137105
30138.2,0.0339,1688966109109,30138.3,0.14222621,30138.2,1.48137105
30138.2,0.0339,1688966109615,30138.3,0.15346621,30138.2,1.48137105
30138.2,0.0339,1688966112126,30138.3,0.15346621,30138.2,1.41527105
30138.2,0.0339,1688966112592,30138.3,0.15346621,30138.2,1.23090105
30138.2,0.0339,1688966112808,30138.3,0.45346621,30138.2,1.29700105
30138.2,0.0339,1688966112908,30138.3,0.26376621,30138.2,1.29700105
30138.2,0.0339,1688966113530,30138.3,0.15346621,30138.2,1.29700105
30138.2,0.0339,1688966113631,30138.3,0.15346621,30138.2,1.48137105
30138.2,0.0339,1688966114401,30138.3,0.45346621,30138.2,1.23090105
30138.2,0.0339,1688966115036,30138.3,0.15346621,30138.2,1.29700105
30138.2,0.0339,1688966115238,30138.3,0.15346621,30138.2,1.23090105
30138.2,0.0339,1688966115643,30138.3,0.15346621,30138.2,2.22194105
30138.2,0.0339,1688966115852,30138.3,0.15346621,30138.2,2.40631105
30138.2,0.0339,1688966116006,30138.3,0.45346621,30138.2,2.40631105
30138.2,0.0339,1688966116237,30138.3,0.45346621,30138.2,2.22194105
30138.2,0.0339,1688966116645,30138.3,0.26376621,30138.2,2.22194105
30138.2,0.0339,1688966116954,30138.3,0.26376621,30138.2,2.28804105
30138.2,0.0339,1688966117951,30138.3,0.15346621,30138.2,2.28804105
30138.2,0.0339,1688966118666,30138.3,0.45346621,30138.2,2.28804105
30138.2,0.0339,1688966118767,30138.3,0.15346621,30138.2,2.28804105
30138.2,0.0339,1688966118868,30138.3,0.15346621,30138.2,2.47241105
30138.2,0.0339,1688966119661,30138.3,0.14222621,30138.2,2.47241105
30138.2,0.0339,1688966119870,30138.3,0.14222621,30138.2,2.40631105
30138.2,0.0339,1688966119974,30138.3,0.14222621,30138.2,2.47241105
30138.2,0.0339,1688966121079,30138.3,0.14222621,30138.2,2.87607512
30138.2,0.0339,1688966121657,30138.3,0.56277621,30138.2,2.87607512
30138.2,0.0339,1688966121963,30138.3,0.26277621,30138.2,2.87607512
30138.2,0.0339,1688966122607,30138.3,0.26277621,30138.2,2.80997512
30138.2,0.0339,1688966123085,30138.3,0.37307621,30138.2,2.80997512
30138.2,0.0339,1688966123191,30138.3,0.26277621,30138.2,2.80997512
30138.2,0.0339,1688966123889,30138.3,0.26277621,30138.2,2.87607512
30138.2,0.0339,1688966124563,30138.3,0.26277621,30138.2,2.80997512
30138.2,0.0339,1688966124667,30138.3,0.29504621,30138.2,2.80997512
30138.2,0.0339,1688966124787,30138.3,0.59504621,30138.2,2.80997512
30138.2,0.0339,1688966124894,30138.3,0.29504621,30138.2,2.87607512
30138.2,0.0339,1688966124999,30138.3,0.29504621,30138.2,2.80997512
30138.2,0.0017,1688966125793,30138.3,0.59504621,30138.2,2.80827512
30138.2,0.0017,1688966125894,30138.3,0.29504621,30138.2,2.80827512
30138.2,0.0017,1688966125995,30138.3,0.29504621,30138.2,2.87437512
30138.2,0.0017,1688966126099,30138.3,0.29504621,30138.2,2.80827512
30138.2,0.0017,1688966126205,30138.3,0.26277621,30138.2,2.80827512
30138.2,0.0017,1688966126663,30138.3,0.13538621,30138.2,2.87437512
30138.2,0.0017,1688966126905,30138.3,0.13538621,30138.2,2.80827512
30138.2,0.0017,1688966127707,30138.3,0.13538621,30138.2,2.87437512
30138.2,0.0017,1688966128280,30138.3,0.13538621,30138.2,2.80827512
30138.2,0.0017,1688966128405,30138.3,0.13538621,30138.2,2.87437512
30138.2,0.0017,1688966129175,30138.3,0.44376621,30138.2,2.80827512
30138.2,0.0017,1688966129613,30138.3,0.44376621,30138.2,2.80827512
30138.2,0.0017,1688966129724,30138.3,0.43538621,30138.2,2.80827512
30138.2,0.0017,1688966130030,30138.3,0.13538621,30138.2,2.80827512
30138.2,0.0017,1688966130621,30138.3,0.13538621,30138.2,2.87437512
30138.2,0.0017,1688966131222,30138.3,0.26277621,30138.2,2.80827512
30138.2,0.00196759,1688966131697,30138.3,0.26277621,30138.2,2.80630753
30138.2,0.00196759,1688966131805,30138.3,0.26277621,30138.2,2.80996753
30138.2,0.00196759,1688966132435,30138.3,0.26277621,30138.2,2.87606753
30138.2,0.00196759,1688966133800,30138.3,0.26277621,30138.2,2.80996753
30138.2,0.00196759,1688966133905,30138.3,0.58036621,30138.2,2.80996753
30138.2,0.00196759,1688966134006,30138.3,0.26277621,30138.2,3.62606753
30138.2,0.00196759,1688966134241,30138.3,0.26277621,30138.2,3.22240346
30138.2,0.00196759,1688966134455,30138.3,0.26277621,30138.2,3.15630346
30138.2,0.00196759,1688966134606,30138.3,0.56277621,30138.2,2.40630346
30138.2,0.00196759,1688966134911,30138.3,0.26277621,30138.2,2.47240346
30138.2,0.00196759,1688966135602,30138.3,0.26277621,30138.2,2.40630346
30138.2,0.00196759,1688966135915,30138.3,0.56277621,30138.2,2.40630346
30138.2,0.00196759,1688966136453,30138.3,0.56932621,30138.2,2.40630346
30138.2,0.00196759,1688966136664,30138.3,0.26932621,30138.2,2.47240346
30138.2,0.00196759,1688966136805,30138.3,0.26932621,30138.2,3.22240346
30138.2,0.00196759,1688966137008,30138.3,0.26277621,30138.2,3.22240346
30138.2,0.00196759,1688966137367,30138.3,0.37307621,30138.2,3.15630346
30138.2,0.00196759,1688966138405,30138.3,0.26277621,30138.2,3.15630346
30138.2,0.00196759,1688966138764,30138.3,0.26277621,30138.2,2.40630346
30138.2,0.00196759,1688966139271,30138.3,0.26277621,30138.2,2.21499241
30138.2,0.00196759,1688966139378,30138.3,0.26277621,30138.2,2.40630346
30138.2,0.00196759,1688966139581,30138.3,0.26277621,30138.2,2.47240346
30138.2,0.00196759,1688966139705,30138.3,0.24568621,30138.2,3.22240346
30138.2,0.00196759,1688966139805,30138.3,0.24568621,30138.2,3.15630346
30138.2,0.00196759,1688966139907,30138.3,0.24568621,30138.2,3.22240346
30138.2,0.00196759,1688966140133,30138.3,0.16030621,30138.2,3.22240346
30138.2,0.00196759,1688966140574,30138.3,0.27060621,30138.2,3.15630346
30138.2,0.00196759,1688966141190,30138.3,0.16030621,30138.2,3.15630346
30138.2,0.00196759,1688966141508,30138.3,0.58769621,30138.2,3.15630346
30138.2,0.00196759,1688966141663,30138.3,0.58769621,30138.2,3.22240346
30138.2,0.00196759,1688966141781,30138.3,0.56277621,30138.2,3.22240346
30138.2,0.00196759,1688966141983,30138.3,0.60648621,30138.2,3.22240346
30138.2,0.00196759,1688966142091,30138.3,0.60648621,30138.2,2.47240346
30138.2,0.00196759,1688966142305,30138.3,0.60648621,30138.2,2.22193346
30138.2,0.00196759,1688966142663,30138.3,0.60648621,30138.2,2.28803346
30138.2,0.00196759,1688966143336,30138.3,0.30648621,30138.2,3.22240346
30138.2,0.00196759,1688966143463,30138.3,0.30648621,30138.2,3.15630346
30138.2,0.00196759,1688966143591,30138.3,0.30648621,30138.2,3.22240346
30138.2,0.00196759,1688966143805,30138.3,0.60648621,30138.2,3.22240346
30138.2,0.00196759,1688966145000,30138.3,0.56277621,30138.2,3.97240346
30138.2,0.00196759,1688966145105,30138.3,0.26277621,30138.2,3.97240346
30138.2,0.00196759,1688966145339,30138.3,0.13538621,30138.2,3.97240346
30138.2,0.01608779,1688966145604,30138.3,0.13538621,30138.2,3.95631567
30138.2,0.01608779,1688966145707,30138.3,0.24568621,30138.2,3.97240567
30138.2,0.01608779,1688966145808,30138.3,0.13538621,30138.2,3.97240567
30138.2,0.01608779,1688966146289,30138.3,0.56277621,30138.2,3.15630567
30138.2,0.01608779,1688966146608,30138.3,0.56277621,30138.2,2.80996974
30138.2,0.01608779,1688966146814,30138.3,0.56277621,30138.2,3.62606974
30138.2,0.01608779,1688966146959,30138.3,0.56277621,30138.2,3.55996974
30138.2,0.01608779,1688966148425,30138.3,0.56277621,30138.2,2.87606974
30138.2,0.01608779,1688966149227,30138.3,0.56277621,30138.2,2.80996974
30138.2,0.01608779,1688966149368,30138.3,0.56277621,30138.2,2.87606974
30138.2,0.01608779,1688966149707,30138.3,0.56277621,30138.2,2.80996974
30138.2,0.01608779,1688966150100,30138.3,0.74714621,30138.2,2.80996974
30138.2,0.01608779,1688966150205,30138.3,0.74714621,30138.2,2.62559974
30138.2,0.01608779,1688966150805,30138.3,0.74714621,30138.2,2.17266512
30138.2,0.01608779,1688966151122,30138.3,0.74714621,30138.2,2.62560512
30138.2,0.01608779,1688966151505,30138.3,1.07892743,30138.2,2.62560512
30138.2,0.01608779,1688966153851,30138.3,1.07892743,30138.2,2.80997512
30138.2,0.01608779,1688966154591,30138.3,1.07892743,30138.2,2.62560512
30138.2,0.01608779,1688966154705,30138.3,1.07892743,30138.2,2.80997512
30138.2,0.01608779,1688966154938,30138.3,1.07892743,30138.2,2.62560512
30138.2,0.00041508,1688966155061,30138.3,1.07892743,30138.2,2.62519004
30138.2,0.00041508,1688966155541,30138.3,1.07892743,30138.2,2.62519004
30138.2,0.00001057,1688966156345,30138.3,1.07892743,30138.2,2.62517947
30138.2,0.00611,1688966157812,30138.3,1.07892743,30138.2,2.61906947
30138.2,0.00611,1688966159008,30138.3,1.07892743,30138.2,1.86612947
30138.2,0.00611,1688966159109,30138.3,2.34796743,30138.2,0.4714254
30138.2,0.00611,1688966159210,30138.3,2.72058159,30138.2,0.4714254
30138.2,0.00611,1688966159604,30138.3,2.65448159,30138.2,0.4714254
30138.2,0.00611,1688966160114,30138.3,2.41933743,30138.2,0.4714254
30138.2,0.00611,1688966160215,30138.3,2.41833743,30138.2,0.4714254
30138.2,0.00611,1688966160481,30138.3,2.35323743,30138.2,0.4714254
30138.2,0.00611,1688966160605,30138.3,2.41933743,30138.2,0.4714254
30138.2,0.00611,1688966161280,30138.3,2.35323743,30138.2,0.4714254
30138.2,0.00611,1688966161486,30138.3,1.37676743,30138.2,0.4714254
30138.2,0.00611,1688966161605,30138.3,1.60323743,30138.2,0.4714254
30138.2,0.00611,1688966163310,30138.3,2.76749446,30138.2,0.35741105
30138.2,0.00003172,1688966163576,30138.3,2.76749446,30138.2,0.35737933
30138.2,0.00003172,1688966163692,30138.3,2.76749446,30138.2,0.35737933
30138.2,0.00003172,1688966165508,30138.3,1.15029743,30138.2,0.35737933
30138.2,0.00003172,1688966165639,30138.3,1.21639743,30138.2,0.35737933
30138.2,0.00003172,1688966165786,30138.3,1.15029743,30138.2,0.35737933
30138.2,0.00003172,1688966166792,30138.3,1.21639743,30138.2,0.35737933
30138.2,0.00003172,1688966167009,30138.3,1.21639743,30138.2,0.35737933
30138.3,0.03621125,1688966167505,30138.3,1.91634997,30138.2,0.35737933
30138.3,0.03621125,1688966167608,30138.3,1.91634997,30138.2,0.35737933
30138.3,0.03621125,1688966167731,30138.3,1.93018618,30138.2,0.35737933
30138.3,0.03621125,1688966167998,30138.3,1.86408618,30138.2,0.35737933
30138.3,0.03621125,1688966168409,30138.3,2.38312618,30138.2,0.35737933
30138.3,0.03621125,1688966169105,30138.3,1.86408618,30138.2,0.35737933
30138.3,0.03621125,1688966170008,30138.3,1.93018618,30138.2,0.35737933
30138.3,0.03621125,1688966170147,30138.3,1.86408618,30138.2,0.35737933
30138.3,0.08433875,1688966171716,30138.3,1.84584743,30138.2,0.35737933
30138.3,0.19193532,1688966171817,30138.3,1.46042211,30138.2,0.35737933
30138.3,0.19193532,1688966172619,30138.3,1.52652211,30138.2,0.35737933
30138.3,0.19193532,1688966173205,30138.3,1.46042211,30138.2,0.35737933
30138.3,0.19193532,1688966173306,30138.3,0.71042211,30138.2,0.65737933
30138.3,0.19193532,1688966173563,30138.3,0.77652211,30138.2,0.35737933
30138.3,0.19193532,1688966173880,30138.3,0.71042211,30138.2,0.35737933
30138.3,0.19193532,1688966175294,30138.3,0.77652211,30138.2,0.35737933
30138.3,0.19193532,1688966175986,30138.3,1.52652211,30138.2,0.35737933
30138.3,0.19193532,1688966176405,30138.3,0.77652211,30138.2,0.35737933
30138.3,0.19193532,1688966177006,30138.3,0.71042211,30138.2,0.35737933
30138.3,0.19193532,1688966177107,30138.3,0.71042211,30138.2,0.65737933
30138.3,0.19193532,1688966177208,30138.3,1.16339211,30138.2,0.35737933
30138.3,0.19193532,1688966178363,30138.3,1.22949211,30138.2,0.35737933
30138.3,0.19193532,1688966178600,30138.3,1.97949211,30138.2,0.35737933
30138.3,0.00004225,1688966179009,30138.3,1.97944986,30138.2,0.35737933
30138.3,0.00004225,1688966179111,30138.3,1.91334986,30138.2,0.35737933
30138.3,0.00004225,1688966180009,30138.3,1.97944986,30138.2,0.35737933
30138.3,0.00004225,1688966181817,30138.3,1.91334986,30138.2,0.35737933
30138.3,0.00004225,1688966181919,30138.3,1.97944986,30138.2,0.35737933
30138.3,0.00004225,1688966182224,30138.3,1.91334986,30138.2,0.35737933
30138.3,0.00004225,1688966182714,30138.3,2.20591986,30138.2,0.35737933
30138.3,0.00004225,1688966182824,30138.3,1.97944986,30138.2,0.35737933
30138.3,0.00004225,1688966183508,30138.3,1.16334986,30138.2,0.35737933
30138.3,0.00004225,1688966184104,30138.3,1.22944986,30138.2,0.35737933
30138.3,0.00040366,1688966184205,30138.3,1.1629462,30138.2,0.35737933
30138.3,0.00040366,1688966184308,30138.3,1.1629462,30138.2,0.35737933
30138.3,0.00040366,1688966184635,30138.3,1.2290462,30138.2,0.35737933
30138.3,0.00040366,1688966185261,30138.3,1.1629462,30138.2,0.35737933
30138.3,0.00040366,1688966185605,30138.3,1.2290462,30138.2,0.35737933
30138.3,0.00004412,1688966186326,30138.3,1.16290208,30138.2,0.35737933
30138.3,0.00004412,1688966186446,30138.3,1.16290208,30138.2,0.35737933
30138.2,0.0017,1688966186595,30138.3,1.22900208,30138.2,0.35567933
30138.2,0.0017,1688966186798,30138.3,1.16290208,30138.2,0.35567933
30138.2,0.0017,1688966186900,30138.3,1.22900208,30138.2,0.35567933
30138.2,0.0017,1688966187107,30138.3,1.16290208,30138.2,0.35567933
30138.2,0.0017,1688966187399,30138.3,1.16294429,30138.2,0.35567933
30138.2,0.0017,1688966188207,30138.3,1.22904429,30138.2,0.35567933
30138.2,0.0017,1688966188705,30138.3,1.16294429,30138.2,0.35567933
30138.2,0.0017,1688966189205,30138.3,1.22904429,30138.2,0.35567933
30138.2,0.0017,1688966189713,30138.3,1.16294429,30138.2,0.35567933
30138.2,0.0017,1688966190107,30138.3,1.22904429,30138.2,0.35567933
30138.2,0.0017,1688966190749,30138.3,1.22904429,30138.2,0.39488696
30138.2,0.0017,1688966191107,30138.3,1.97904429,30138.2,0.39488696
30138.2,0.0017,1688966191309,30138.3,1.97900208,30138.2,0.39966721
30138.2,0.0017,1688966191906,30138.3,1.91290208,30138.2,0.39966721
30138.2,0.0017,1688966192481,30138.3,1.97900208,30138.2,0.39966721
30138.2,0.0017,1688966192862,30138.3,1.91290208,30138.2,0.39966721
30138.2,0.0017,1688966193084,30138.3,1.97900208,30138.2,0.39966721
30138.2,0.0017,1688966193805,30138.3,1.91290208,30138.2,0.39966721
30138.2,0.0017,1688966193908,30138.3,1.16290208,30138.2,0.39966721
30138.2,0.0017,1688966194263,30138.3,1.97900208,30138.2,0.39966721
30138.2,0.00478025,1688966194494,30138.3,2.86788171,30134.1,0.07752003
30138.2,0.00478025,1688966194605,30132.2,1.08978075,30132.1,0.09260774
30138.2,0.00478025,1688966194706,30132.2,1.86320559,30132.1,0.33641105
30128.1,0.0016317,1688966194824,30128.2,0.78978075,30128.1,0.37588833
30128.1,0.0016317,1688966194926,30128.2,0.78978075,30128.1,0.78781945
30128.1,0.0016317,1688966195064,30128.2,1.5493,30128.1,0.33441105
30128.1,0.0016317,1688966195167,30126.1,0.78978075,30126,0.30331808
30126,0.08099447,1688966195298,30126.1,0.78978075,30126,0.63277954
30126,0.08099447,1688966195405,30126.1,0.80507616,30126,0.38661105
30126,0.08099447,1688966195663,30126,0.7647015,30125.9,0.30025791
30125.9,0.00025791,1688966195765,30126,0.7647015,30125.9,0.3
30125.9,0.00075,1688966195878,30126,0.7647015,30125.9,0.29825791
30125.9,0.00075,1688966195979,30126,1.09662765,30125.9,0.29825791
30125.9,0.00075,1688966196103,30124.2,0.61463225,30124.1,0.66517097
30125.9,0.00075,1688966196205,30124.2,0.61463225,30124.1,1.76418219
30125.9,0.00075,1688966196306,30124.2,0.62990775,30124.1,1.69808219
30125.9,0.00075,1688966196408,30124.2,0.62990775,30124.1,1.8417022
30125.9,0.00075,1688966196516,30124.2,0.62990775,30124.1,1.7756022
30124.1,0.07355813,1688966196644,30124.2,0.62990775,30124.1,2.45204407
30124.1,0.07355813,1688966196746,30124.2,0.62990775,30124.1,2.50412224
30124.1,0.07355813,1688966196863,30124.2,0.62990775,30124.1,1.59908219
30124.1,0.07355813,1688966196977,30124.2,0.4996455,30124.1,1.59908219
30124.1,0.07355813,1688966197105,30124.2,0.4996455,30124.1,2.42660227
30124.1,0.07355813,1688966197208,30124.2,0.4996455,30124.1,3.3006343
30124.1,0.07355813,1688966197309,30124.2,0.1996455,30124.1,3.76169256
30124.1,0.07355813,1688966197706,30124.2,0.0152755,30124.1,3.92679256
30124.1,0.00125,1688966197908,30124.2,0.0152755,30124.1,3.92554256
30124.1,0.00075,1688966198009,30124.2,0.0152755,30124.1,3.92479256
30124.1,0.03893244,1688966198263,30124.2,0.0152755,30124.1,3.81034005
30126.3,0.05,1688966198382,30126.4,0.37137,30126.3,0.65122469
30126.3,0.05,1688966198506,30126.4,0.37137,30126.3,0.65122469
30126.3,0.05,1688966198607,30126.4,0.37237,30126.3,0.65122469
30126.3,0.05,1688966198713,30126.4,0.37237,30126.3,0.60122469
30126.3,0.05,1688966198983,30126.4,0.37237,30126.3,1.35122469
30126.3,0.05,1688966199105,30126.4,0.37237,30126.3,1.30122469
30126.3,0.05,1688966199208,30126.4,0.42328,30126.3,0.55122469
30126.3,0.05,1688966199313,30126.4,0.42328,30126.3,0.43437
30126.3,0.05,1688966199586,30126.4,0.42328,30126.3,0.3
30126.3,0.03718164,1688966199695,30126.4,0.42328,30126.3,0.21281836
30126.3,0.03718164,1688966199798,30126.4,0.42328,30126.3,0.21281836
30126.3,0.00075,1688966200108,30126.4,0.42328,30126.3,0.21081836
30126.3,0.00075,1688966200263,30126.4,0.42328,30126.3,0.21081836
30126.3,0.00075,1688966201508,30126.4,0.42328,30126.3,0.21081836
30126.3,0.00075,1688966201663,30126.4,0.35191,30126.3,0.21081836
30126.3,0.00075,1688966202007,30126.1,0.73916,30126,0.4292
30126.3,0.00075,1688966202263,30126.1,0.73916,30126,0.7611201
30126.3,0.00075,1688966202606,30126.1,0.73916,30126,1.6313101
30126.3,0.00075,1688966203611,30126.1,0.73916,30126,2.3813101
30126.3,0.00075,1688966204576,30126.1,0.73916,30126,2.5656801
30126.1,0.00017088,1688966204805,30126.1,0.73898912,30126,2.5656801
30126.1,0.00017088,1688966204908,30126.1,0.73898912,30126,3.0186201
30126.1,0.00017088,1688966205139,30126.1,0.73898912,30126,2.8342501
30126.1,0.00017088,1688966206207,30126.1,0.73898912,30126,3.0186201
30126.1,0.00017088,1688966208558,30126.1,0.73898912,30126,1.8156801
30126.1,0.00017088,1688966209006,30126.1,0.48437,30126,2.7921501
30126.1,0.00017088,1688966209963,30126.1,0.48437,30126,3.0186201
30126.1,0.00017088,1688966212362,30126.1,0.3,30126,3.0186201
30126.1,0.00895403,1688966212763,30126.1,0.29104597,30126,3.0186201
30126.1,0.00895403,1688966212873,30126.1,0.43401597,30126,3.0186201
30126.1,0.00895403,1688966212979,30126.1,0.43401597,30126,1.6313101
