last,lastSz,ts,askPx,askSz,bidPx,bidSz
30124.97000000,0.00105000,1688965531558,30124.97000000,0.00501000,30115.01000000,0.00800000
30124.97000000,0.00105000,1688965531627,30124.97000000,0.00500000,30115.01000000,0.00800000
30115.01000000,0.00049000,1688965535501,30124.97000000,0.00500000,30115.01000000,0.00751000
30115.01000000,0.00049000,1688965535557,30124.97000000,0.00500000,30115.01000000,0.00800000
30124.97000000,0.00006000,1688965562721,30124.97000000,0.00494000,30115.01000000,0.00800000
30124.97000000,0.00006000,1688965562769,30124.97000000,0.00550000,30115.01000000,0.00800000
30124.97000000,0.00006000,1688965580577,30129.99000000,0.02889000,30115.01000000,0.00800000
30124.97000000,0.00006000,1688965581472,30129.97000000,0.03002000,30115.01000000,0.00800000
30129.94000000,0.00049000,1688965582384,30129.95000000,0.02621000,30115.01000000,0.00800000
30129.94000000,0.00049000,1688965583612,30129.98000000,0.02600000,30115.01000000,0.00800000
30129.94000000,0.00049000,1688965584427,30129.97000000,0.00500000,30115.01000000,0.03454000
30129.94000000,0.00049000,1688965586165,30129.96000000,0.02035000,30115.01000000,0.03454000
30129.98000000,0.00120000,1688965586185,30129.98000000,0.02480000,30115.01000000,0.03454000
30130.00000000,0.00174000,1688965588180,30130.00000000,0.04806000,30115.01000000,0.03454000
30130.00000000,0.00054000,1688965589184,30130.00000000,0.04752000,30115.01000000,0.00800000
30130.00000000,0.00054000,1688965590135,30129.99000000,0.02600000,30115.01000000,0.00800000
30115.01000000,0.00049000,1688965591085,30129.99000000,0.02650000,30115.01000000,0.00800000
30115.01000000,0.00049000,1688965594778,30129.99000000,0.02650000,30120.00000000,0.04980000
30115.01000000,0.00049000,1688965594792,30129.99000000,0.02650000,30120.01000000,0.00800000
30115.01000000,0.00049000,1688965606995,30129.99000000,0.02650000,30115.00000000,0.04980000
30115.01000000,0.00049000,1688965607297,30124.99000000,0.00050000,30115.03000000,0.00800000
30115.01000000,0.00049000,1688965608313,30124.99000000,0.00050000,30115.01000000,0.02800000
30115.01000000,0.00049000,1688965609251,30124.99000000,0.00050000,30115.02000000,0.02000000
30115.01000000,0.00049000,1688965610398,30124.99000000,0.00050000,30115.01000000,0.00800000
30124.99000000,0.00006000,1688965622086,30124.99000000,0.00044000,30115.01000000,0.00800000
30124.99000000,0.00006000,1688965622094,30125.00000000,0.04980000,30115.01000000,0.00800000
30125.00000000,0.00049000,1688965623763,30125.00000000,0.04931000,30115.01000000,0.00800000
30125.00000000,0.00049000,1688965626277,30126.50000000,0.02600000,30115.01000000,0.00800000
30125.00000000,0.00049000,1688965635056,30130.00000000,0.04752000,30115.01000000,0.00800000
30125.00000000,0.00049000,1688965635068,30129.99000000,0.02600000,30115.01000000,0.00800000
30115.01000000,0.00049000,1688965637033,30129.99000000,0.02650000,30115.00000000,0.04980000
30115.01000000,0.00049000,1688965637817,30129.99000000,0.02650000,30120.01000000,0.00800000
30115.01000000,0.00049000,1688965647924,30129.99000000,0.02650000,30115.00000000,0.04979000
30115.01000000,0.00049000,1688965647925,30129.99000000,0.02650000,30115.01000000,0.00800000
30129.99000000,0.00006000,1688965682977,30129.99000000,0.02644000,30115.01000000,0.00800000
30129.99000000,0.00006000,1688965684536,30129.99000000,0.02644000,30120.00000000,0.04980000
30129.99000000,0.00006000,1688965684552,30129.99000000,0.02644000,30120.01000000,0.00800000
30129.99000000,0.00006000,1688965691755,30129.99000000,0.02644000,30115.00000000,0.04980000
30129.99000000,0.00006000,1688965691756,30129.99000000,0.02644000,30115.01000000,0.00800000
30129.99000000,0.00006000,1688965702309,30129.99000000,0.02644000,30120.00000000,0.04980000
30129.99000000,0.00006000,1688965702363,30129.99000000,0.02644000,30120.01000000,0.00800000
30129.99000000,0.00006000,1688965705665,30129.99000000,0.02644000,30115.00000000,0.04980000
30129.99000000,0.00006000,1688965705676,30129.99000000,0.02644000,30115.01000000,0.02800000
30129.99000000,0.00006000,1688965707467,30129.99000000,0.02644000,30120.01000000,0.00800000
30129.99000000,0.00011000,1688965708950,30129.99000000,0.02639000,30120.01000000,0.00800000
30129.99000000,0.00011000,1688965710568,30129.99000000,0.02639000,30115.00000000,0.04980000
30129.99000000,0.00011000,1688965710569,30129.99000000,0.02639000,30115.01000000,0.00800000
30129.99000000,0.00011000,1688965731413,30129.99000000,0.02589000,30115.01000000,0.00800000
30129.99000000,0.00011000,1688965732201,30129.99000000,0.02589000,30115.01000000,0.02000000
30129.99000000,0.00011000,1688965733921,30129.99000000,0.02589000,30115.00000000,0.04980000
30129.99000000,0.00011000,1688965736733,30129.99000000,0.02589000,30115.01000000,0.00800000
30129.99000000,0.00011000,1688965736733,30129.99000000,0.02639000,30115.01000000,0.00800000
30129.99000000,0.00017000,1688965742696,30129.99000000,0.02633000,30115.01000000,0.00800000
30129.99000000,0.00017000,1688965743692,30129.99000000,0.02633000,30115.03000000,0.00800000
30129.99000000,0.00017000,1688965745691,30129.99000000,0.02633000,30115.04000000,0.12618000
30129.99000000,0.00017000,1688965746294,30129.99000000,0.02633000,30115.07000000,0.13418000
30129.99000000,0.00017000,1688965747692,30129.99000000,0.02633000,30115.12000000,0.12618000
30129.99000000,0.00017000,1688965748695,30129.99000000,0.02633000,30115.14000000,0.13418000
30129.99000000,0.00017000,1688965749746,30129.99000000,0.02633000,30115.15000000,0.03805000
30129.99000000,0.00017000,1688965750397,30129.99000000,0.02633000,30120.01000000,0.00800000
30129.99000000,0.00017000,1688965763306,30129.99000000,0.02633000,30115.15000000,0.03805000
30129.99000000,0.00017000,1688965764115,30129.99000000,0.02633000,30115.19000000,0.12618000
30129.99000000,0.00017000,1688965766046,30129.99000000,0.02633000,30115.19000000,0.13418000
30129.99000000,0.00017000,1688965766108,30129.99000000,0.02633000,30115.21000000,0.13418000
30129.99000000,0.00017000,1688965767512,30129.99000000,0.02633000,30115.21000000,0.13418000
30129.99000000,0.00017000,1688965768110,30129.99000000,0.02633000,30115.01000000,0.00800000
30129.99000000,0.00017000,1688965769610,30129.99000000,0.02633000,30120.01000000,0.00800000
30129.99000000,0.00017000,1688965771812,30129.99000000,0.02633000,30115.00000000,0.04980000
30129.99000000,0.00017000,1688965772212,30129.99000000,0.02633000,30120.01000000,0.00800000
30129.99000000,0.00017000,1688965775615,30129.99000000,0.02633000,30115.01000000,0.00800000
30129.99000000,0.00840000,1688965782463,30129.99000000,0.01810000,30115.01000000,0.00800000
30129.99000000,0.00840000,1688965793667,30129.99000000,0.01810000,30120.00000000,0.04980000
30129.99000000,0.00840000,1688965793727,30129.99000000,0.01810000,30120.01000000,0.00800000
30129.99000000,0.00846000,1688965803843,30129.99000000,0.01804000,30120.01000000,0.00800000
30129.99000000,0.00846000,1688965808238,30129.99000000,0.01804000,30115.00000000,0.04980000
30129.99000000,0.00846000,1688965808238,30129.99000000,0.01804000,30115.01000000,0.00800000
30129.99000000,0.00846000,1688965814875,30129.99000000,0.01804000,30120.00000000,0.04980000
30129.99000000,0.00846000,1688965814944,30129.99000000,0.01804000,30120.01000000,0.00800000
30129.99000000,0.00846000,1688965841062,30129.99000000,0.01804000,30115.01000000,0.00800000
30129.99000000,0.00846000,1688965841074,30129.99000000,0.01804000,30115.01000000,0.02800000
30129.99000000,0.00846000,1688965842162,30129.99000000,0.01804000,30115.03000000,0.00800000
30129.99000000,0.00846000,1688965843968,30129.99000000,0.01804000,30115.01000000,0.02800000
30129.99000000,0.00846000,1688965844964,30129.99000000,0.01804000,30115.03000000,0.00800000
30129.99000000,0.00846000,1688965855914,30129.99000000,0.00050000,30115.03000000,0.00800000
30129.99000000,0.00852000,1688965862703,30129.99000000,0.00044000,30115.03000000,0.00800000
30129.99000000,0.00852000,1688965863677,30129.99000000,0.00050000,30120.00000000,0.04980000
30129.99000000,0.00852000,1688965863776,30129.99000000,0.00050000,30120.01000000,0.00800000
30129.99000000,0.00901000,1688965867779,30129.99000000,0.00001000,30120.01000000,0.00800000
30129.99000000,0.00901000,1688965868708,30129.99000000,0.02600000,30120.01000000,0.00800000
30120.01000000,0.00049000,1688965872833,30129.99000000,0.02600000,30120.01000000,0.00751000
30120.01000000,0.00049000,1688965872884,30129.99000000,0.02650000,30120.01000000,0.00800000
30129.99000000,0.00139000,1688965878028,30129.99000000,0.02511000,30120.01000000,0.00800000
30129.99000000,0.00139000,1688965879725,30129.99000000,0.00050000,30120.01000000,0.00800000
30129.99000000,0.00139000,1688965882891,30134.40000000,0.01860000,30120.01000000,0.00800000
30129.99000000,0.00139000,1688965882910,30134.40000000,0.04460000,30120.01000000,0.00800000
30129.99000000,0.00139000,1688965883992,30134.38000000,0.00050000,30120.01000000,0.00800000
30129.99000000,0.00139000,1688965885591,30134.38000000,0.00050000,30120.01000000,0.00800000
30129.99000000,0.00139000,1688965887453,30134.38000000,0.00050000,30125.00000000,0.04979000
30129.99000000,0.00139000,1688965888293,30136.46000000,0.00050000,30125.01000000,0.00800000
30136.46000000,0.00049000,1688965890112,30136.46000000,0.00001000,30125.01000000,0.00800000
30136.46000000,0.00049000,1688965890117,30136.47000000,0.02600000,30125.01000000,0.00800000
30136.46000000,0.00049000,1688965892300,30136.48000000,0.00482000,30125.01000000,0.00800000
30136.46000000,0.00049000,1688965892497,30136.48000000,0.00482000,30125.01000000,0.00800000
30136.46000000,0.00049000,1688965894640,30135.00000000,0.04978000,30125.01000000,0.00800000
30125.01000000,0.00049000,1688965895346,30134.99000000,0.00050000,30125.01000000,0.00800000
30135.00000000,0.01289000,1688965900327,30135.00000000,0.03689000,30125.01000000,0.00800000
30135.00000000,0.01289000,1688965901203,30135.00000000,0.03689000,30125.01000000,0.02800000
30135.00000000,0.01289000,1688965902203,30135.00000000,0.03689000,30125.03000000,0.00800000
30135.00000000,0.01289000,1688965903310,30135.00000000,0.03689000,30125.01000000,0.02800000
30135.00000000,0.01289000,1688965904310,30135.00000000,0.03689000,30125.03000000,0.00800000
30135.00000000,0.01289000,1688965915577,30130.00000000,0.04978000,30125.03000000,0.00800000
30135.00000000,0.01289000,1688965915765,30134.99000000,0.02600000,30125.01000000,0.00800000
30134.99000000,0.00006000,1688965922851,30134.99000000,0.02594000,30125.01000000,0.00800000
30134.99000000,0.00006000,1688965938473,30134.99000000,0.02594000,30130.00000000,0.04978000
30134.99000000,0.00006000,1688965938511,30134.99000000,0.02594000,30125.01000000,0.00800000
30134.99000000,0.00006000,1688965940483,30136.48000000,0.00482000,30125.01000000,0.00800000
30134.99000000,0.00006000,1688965940494,30136.48000000,0.03082000,30125.01000000,0.00800000
30134.99000000,0.00006000,1688965941625,30136.48000000,0.00482000,30125.01000000,0.00800000
30134.99000000,0.00006000,1688965943044,30136.48000000,0.00482000,30130.00000000,0.04978000
30134.99000000,0.00006000,1688965943933,30136.48000000,0.00482000,30125.01000000,0.02800000
30134.99000000,0.00006000,1688965945234,30136.48000000,0.00482000,30125.01000000,0.00800000
30134.99000000,0.00006000,1688965951792,30136.48000000,0.00482000,30130.00000000,0.04978000
30134.99000000,0.00006000,1688965952487,30136.48000000,0.00482000,30130.00000000,0.04978000
30134.99000000,0.00006000,1688965954010,30136.48000000,0.00482000,30130.01000000,0.00800000
30134.99000000,0.00006000,1688965959324,30136.48000000,0.00482000,30130.01000000,0.00807000
30134.99000000,0.00006000,1688965962223,30136.48000000,0.00482000,30130.01000000,0.00800000
30136.48000000,0.00007000,1688965962324,30136.48000000,0.00475000,30130.01000000,0.00800000
30136.48000000,0.00007000,1688965969819,30136.48000000,0.00475000,30135.00000000,0.04978000
30136.48000000,0.00007000,1688965975457,30136.48000000,0.00475000,30135.01000000,0.02000000
30136.48000000,0.00482000,1688965976457,30150.00000000,0.04978000,30135.01000000,0.02000000
30136.48000000,0.00482000,1688965977007,30150.00000000,0.04978000,30140.00000000,0.04976000
30136.48000000,0.00482000,1688965978005,30150.00000000,0.04978000,30140.01000000,0.00800000
30136.48000000,0.00482000,1688965980987,30155.00000000,0.04978000,30140.01000000,0.00800000
30136.48000000,0.00482000,1688965981198,30150.00000000,0.04976000,30140.01000000,0.00800000
30136.48000000,0.00482000,1688966008450,30155.00000000,0.04978000,30140.01000000,0.00800000
30136.48000000,0.00482000,1688966008461,30154.99000000,0.02600000,30140.01000000,0.00800000
30136.48000000,0.00482000,1688966022491,30154.99000000,0.02600000,30140.01000000,0.01208000
30136.48000000,0.00482000,1688966031310,30154.99000000,0.02600000,30145.00000000,0.04976000
30136.48000000,0.00482000,1688966031394,30154.99000000,0.02600000,30145.01000000,0.00800000
30136.48000000,0.00482000,1688966039299,30154.99000000,0.02600000,30140.01000000,0.00408000
30136.48000000,0.00482000,1688966039700,30154.99000000,0.02600000,30140.03000000,0.00800000
30136.48000000,0.00482000,1688966041700,30154.99000000,0.02600000,30140.01000000,0.02408000
30136.48000000,0.00482000,1688966042702,30154.99000000,0.02600000,30140.02000000,0.02000000
30136.48000000,0.00482000,1688966043303,30154.99000000,0.02600000,30140.03000000,0.00800000
30136.48000000,0.00482000,1688966054876,30150.00000000,0.04976000,30140.03000000,0.00800000
30136.48000000,0.00482000,1688966069762,30154.99000000,0.03647000,30140.03000000,0.00800000
30136.48000000,0.00482000,1688966069942,30154.97000000,0.03409000,30140.03000000,0.00800000
30136.48000000,0.00482000,1688966070906,30154.95000000,0.02335000,30140.03000000,0.00800000
30136.48000000,0.00482000,1688966072804,30154.98000000,0.02600000,30140.03000000,0.00800000
30136.48000000,0.00482000,1688966072906,30154.97000000,0.02469000,30140.03000000,0.00800000
30154.97000000,0.01757000,1688966080046,30154.97000000,0.00712000,30140.03000000,0.00800000
30154.97000000,0.01757000,1688966083860,30150.00000000,0.04976000,30140.03000000,0.00800000
30154.97000000,0.01757000,1688966084003,30145.00000000,0.04976000,30137.00000000,0.00106000
30154.97000000,0.01757000,1688966086112,30145.38000000,0.02600000,30137.00000000,0.00106000
30154.97000000,0.01757000,1688966091951,30145.38000000,0.02600000,30140.00000000,0.04977000
30154.97000000,0.01757000,1688966092862,30145.38000000,0.02600000,30140.00000000,0.04977000
30154.97000000,0.01757000,1688966093123,30145.38000000,0.02600000,30137.00000000,0.00106000
30154.97000000,0.01757000,1688966102697,30145.00000000,0.04977000,30137.00000000,0.00106000
30154.97000000,0.01757000,1688966103135,30139.99000000,0.02600000,30137.00000000,0.00106000
30144.99000000,0.00049000,1688966104691,30144.99000000,0.02600000,30130.01000000,0.00800000
30144.99000000,0.00049000,1688966105710,30144.93000000,0.03764000,30130.02000000,0.00106000
30144.99000000,0.00049000,1688966106559,30144.95000000,0.03195000,30130.02000000,0.00106000
30144.99000000,0.00049000,1688966107607,30144.94000000,0.02600000,30135.00000000,0.04977000
30144.99000000,0.00049000,1688966108014,30144.94000000,0.02750000,30135.01000000,0.00800000
30135.01000000,0.00049000,1688966109321,30144.94000000,0.02750000,30135.01000000,0.00800000
30135.01000000,0.00049000,1688966135867,30144.94000000,0.02750000,30126.73000000,0.03694000
30135.01000000,0.00049000,1688966135969,30144.94000000,0.02750000,30130.01000000,0.00800000
30145.00000000,0.04476000,1688966147277,30145.00000000,0.00501000,30130.01000000,0.00800000
30144.99000000,0.02269000,1688966148006,30144.99000000,0.00381000,30130.01000000,0.00800000
30144.99000000,0.02275000,1688966163026,30144.99000000,0.00375000,30130.01000000,0.00800000
30144.99000000,0.02275000,1688966165230,30144.98000000,0.02868000,30130.01000000,0.00800000
30144.99000000,0.02275000,1688966166190,30144.95000000,0.00050000,30130.01000000,0.00800000
30144.99000000,0.02275000,1688966167051,30144.97000000,0.02600000,30130.01000000,0.00800000
30144.99000000,0.02275000,1688966168145,30144.96000000,0.00050000,30130.01000000,0.00800000
30144.99000000,0.02275000,1688966169234,30144.94000000,0.02423000,30130.01000000,0.00800000
30144.99000000,0.02275000,1688966170175,30144.94000000,0.02617000,30130.01000000,0.00800000
30144.99000000,0.02275000,1688966179213,30144.94000000,0.00050000,30130.01000000,0.00800000
30144.99000000,0.02275000,1688966180200,30144.92000000,0.00050000,30130.01000000,0.00800000
30144.99000000,0.02275000,1688966180677,30144.92000000,0.02406000,30130.01000000,0.00800000
30151.74000000,0.05009000,1688966182124,30151.73000000,0.02575000,30130.01000000,0.00800000
30151.74000000,0.05009000,1688966185172,30151.73000000,0.02575000,30135.00000000,0.04977000
30151.74000000,0.05009000,1688966185203,30151.73000000,0.02575000,30135.01000000,0.00800000
30151.74000000,0.05009000,1688966187360,30151.72000000,0.01115000,30135.01000000,0.00800000
30151.74000000,0.05009000,1688966187486,30151.71000000,0.02649000,30135.01000000,0.00800000
30151.74000000,0.05009000,1688966192673,30151.74000000,0.02600000,30135.01000000,0.00800000
30151.74000000,0.05009000,1688966192707,30151.73000000,0.02402000,30135.01000000,0.00800000
30151.74000000,0.05009000,1688966194663,30151.19000000,0.02600000,30130.01000000,0.00800000
30151.74000000,0.05009000,1688966195625,30145.24000000,0.05482000,30125.01000000,0.00800000
30151.74000000,0.05009000,1688966196554,30145.19000000,0.03749000,30125.01000000,0.00800000
30151.74000000,0.05009000,1688966197612,30145.18000000,0.02600000,30130.01000000,0.00800000
30145.17000000,0.00281000,1688966198605,30145.16000000,0.02600000,30130.01000000,0.00800000
30145.17000000,0.00281000,1688966199078,30144.95000000,0.03392000,30130.01000000,0.00800000
30145.17000000,0.00281000,1688966200325,30144.93000000,0.02654000,30130.01000000,0.00800000
30130.00000000,0.00200000,1688966202567,30144.93000000,0.02654000,30130.00000000,0.07494000
30130.00000000,0.00200000,1688966203568,30144.92000000,0.02600000,30130.00000000,0.07294000
30130.00000000,0.00200000,1688966204567,30144.88000000,0.02600000,30130.00000000,0.07094000
30130.00000000,0.00200000,1688966205568,30144.87000000,0.03988000,30130.00000000,0.06894000
30144.86000000,0.00223000,1688966206581,30144.87000000,0.00800000,30130.01000000,0.00800000
30130.00000000,0.00200000,1688966207571,30144.83000000,0.02685000,30130.01000000,0.00800000
30130.00000000,0.00200000,1688966208443,30144.80000000,0.03272000,30130.01000000,0.00800000
30130.00000000,0.00200000,1688966209524,30144.78000000,0.02350000,30130.01000000,0.00800000
30130.00000000,0.00200000,1688966210588,30144.78000000,0.00800000,30130.01000000,0.00800000
30130.00000000,0.00200000,1688966211521,30144.78000000,0.03649000,30130.01000000,0.00800000
30130.00000000,0.00200000,1688966212596,30144.78000000,0.04554000,30130.01000000,0.00800000
30130.00000000,0.00200000,1688966213475,30144.76000000,0.02865000,30130.01000000,0.00800000
30144.76000000,0.00049000,1688966214461,30144.76000000,0.04113000,30130.01000000,0.00800000
30144.76000000,0.00049000,1688966215580,30144.71000000,0.03120000,30130.01000000,0.00800000
30144.76000000,0.00049000,1688966216349,30144.68000000,0.03471000,30130.01000000,0.00800000
30144.76000000,0.00049000,1688966217992,30144.67000000,0.02600000,30130.01000000,0.00800000
30130.01000000,0.00049000,1688966218998,30144.65000000,0.02600000,30130.01000000,0.00751000
30130.01000000,0.00049000,1688966219385,30144.64000000,0.03735000,30130.01000000,0.00800000
30130.01000000,0.00049000,1688966220454,30144.64000000,0.03227000,30130.01000000,0.00800000
30130.01000000,0.00049000,1688966221736,30144.62000000,0.03756000,30130.01000000,0.00800000
30144.62000000,0.00006000,1688966222909,30144.62000000,0.03983000,30130.01000000,0.00800000
30144.62000000,0.00006000,1688966224008,30144.60000000,0.03432000,30130.01000000,0.00800000
30144.62000000,0.00006000,1688966224990,30144.58000000,0.00800000,30130.01000000,0.00800000
30144.62000000,0.00006000,1688966225885,30144.83000000,0.03573000,30130.01000000,0.00800000
30144.62000000,0.00006000,1688966226922,30144.81000000,0.00800000,30130.01000000,0.00800000
30144.62000000,0.00006000,1688966228010,30144.76000000,0.03417000,30125.02000000,0.00130000
30144.62000000,0.00006000,1688966228657,30144.76000000,0.03320000,30125.02000000,0.00130000
30144.62000000,0.00006000,1688966230005,30144.72000000,0.00800000,30125.02000000,0.00130000
30144.62000000,0.00006000,1688966230936,30144.71000000,0.00800000,30130.01000000,0.00800000
30144.62000000,0.00006000,1688966232040,30144.72000000,0.03222000,30130.01000000,0.00800000
30144.62000000,0.00006000,1688966232977,30144.70000000,0.03384000,30130.01000000,0.00800000
30130.01000000,0.00033000,1688966234041,30144.72000000,0.00800000,30130.01000000,0.00800000
30130.01000000,0.00033000,1688966234973,30144.71000000,0.03166000,30130.01000000,0.00800000
30130.01000000,0.00124000,1688966236071,30144.74000000,0.00800000,30130.01000000,0.00800000
30130.01000000,0.00124000,1688966237062,30144.72000000,0.03546000,30130.01000000,0.00800000
30130.01000000,0.00124000,1688966238065,30144.70000000,0.00800000,30130.01000000,0.00800000
30130.01000000,0.00124000,1688966238592,30144.70000000,0.04566000,30130.01000000,0.00800000
30143.74000000,0.00182000,1688966240067,30143.66000000,0.03402000,30125.01000000,0.00800000
30143.74000000,0.00182000,1688966240376,30143.59000000,0.02356000,30125.01000000,0.00800000
30143.74000000,0.00182000,1688966242009,30143.58000000,0.00800000,30125.01000000,0.00800000
30143.74000000,0.00182000,1688966243019,30143.40000000,0.02686000,30125.01000000,0.00800000
30143.74000000,0.00182000,1688966244090,30143.40000000,0.04057000,30125.01000000,0.00800000
30143.74000000,0.00182000,1688966245119,30143.38000000,0.03789000,30125.01000000,0.00800000
30143.74000000,0.00182000,1688966246046,30142.05000000,0.00800000,30125.01000000,0.00800000
30143.74000000,0.00182000,1688966246636,30142.01000000,0.02600000,30125.01000000,0.00800000
30143.74000000,0.00182000,1688966248049,30141.69000000,0.05482000,30125.01000000,0.00800000
30143.74000000,0.00182000,1688966249011,30141.67000000,0.02600000,30125.01000000,0.00800000
30143.74000000,0.00182000,1688966250132,30141.58000000,0.00800000,30125.01000000,0.00800000
30143.74000000,0.00182000,1688966251075,30141.55000000,0.02308000,30125.01000000,0.00800000
30143.74000000,0.00182000,1688966252128,30141.53000000,0.03644000,30125.01000000,0.00800000
30143.74000000,0.00182000,1688966252453,30141.53000000,0.02309000,30125.01000000,0.00800000
30125.01000000,0.00091000,1688966254052,30141.54000000,0.00800000,30125.01000000,0.00750000
30125.01000000,0.00091000,1688966254420,30141.55000000,0.02369000,30125.01000000,0.00750000
30125.01000000,0.00091000,1688966256054,30141.44000000,0.00800000,30125.01000000,0.00750000
30125.01000000,0.00091000,1688966257139,30141.43000000,0.02600000,30125.01000000,0.00750000
30125.01000000,0.00091000,1688966258128,30141.42000000,0.00800000,30125.01000000,0.00750000
30125.01000000,0.00091000,1688966259142,30141.10000000,0.02600000,30125.01000000,0.00750000
30125.01000000,0.00091000,1688966260156,30141.10000000,0.03400000,30125.01000000,0.00750000
30141.08000000,0.00289000,1688966260445,30141.09000000,0.02491000,30125.01000000,0.00750000
30141.08000000,0.00289000,1688966262158,30141.08000000,0.00800000,30125.01000000,0.00750000
30141.08000000,0.00289000,1688966263102,30141.07000000,0.03296000,30125.01000000,0.00750000
30141.08000000,0.00289000,1688966264122,30141.05000000,0.00800000,30125.01000000,0.00750000
30141.08000000,0.00289000,1688966265204,30141.05000000,0.03360000,30125.01000000,0.00750000
30141.08000000,0.00289000,1688966266188,30141.12000000,0.02579000,30125.01000000,0.00750000
30130.00000000,0.04978000,1688966266941,30141.10000000,0.03377000,30125.01000000,0.00750000
30130.00000000,0.04978000,1688966268191,30141.08000000,0.00800000,30125.01000000,0.00750000
30130.00000000,0.04978000,1688966269212,30141.08000000,0.03916000,30125.01000000,0.00750000
30130.00000000,0.04978000,1688966270187,30141.06000000,0.00800000,30125.01000000,0.00750000
30141.05000000,0.00279000,1688966270781,30139.98000000,0.03142000,30125.01000000,0.00750000
30141.05000000,0.00279000,1688966272218,30139.99000000,0.03400000,30125.01000000,0.00750000
30141.05000000,0.00279000,1688966272544,30139.94000000,0.02749000,30125.01000000,0.00750000
30141.05000000,0.00279000,1688966274220,30139.99000000,0.03400000,30125.01000000,0.00750000
30141.05000000,0.00279000,1688966274597,30139.98000000,0.02787000,30125.01000000,0.00750000
30141.05000000,0.00279000,1688966276168,30139.97000000,0.00800000,30125.01000000,0.00750000
30141.05000000,0.00279000,1688966277220,30139.97000000,0.02600000,30125.01000000,0.00750000
30141.05000000,0.00279000,1688966278220,30139.95000000,0.02600000,30125.01000000,0.00750000
30141.05000000,0.00279000,1688966278833,30139.94000000,0.03999000,30125.01000000,0.00750000
30141.05000000,0.00279000,1688966280221,30139.93000000,0.02600000,30125.01000000,0.00750000
30139.85000000,0.00055000,1688966281240,30139.85000000,0.02608000,30125.01000000,0.00750000
30139.85000000,0.00055000,1688966282271,30139.92000000,0.00800000,30125.01000000,0.00750000
30139.92000000,0.00006000,1688966283150,30139.91000000,0.02600000,30125.01000000,0.00750000
30139.92000000,0.00006000,1688966284248,30139.90000000,0.03349000,30125.01000000,0.00750000
30139.92000000,0.00006000,1688966285282,30139.87000000,0.03074000,30125.01000000,0.00750000
30139.92000000,0.00006000,1688966286266,30139.88000000,0.00800000,30125.01000000,0.00750000
30139.92000000,0.00006000,1688966287134,30139.84000000,0.02511000,30125.01000000,0.00750000
30139.92000000,0.00006000,1688966288303,30139.84000000,0.04110000,30125.01000000,0.00750000
30139.92000000,0.00006000,1688966288404,30139.84000000,0.02642000,30125.01000000,0.00750000
30139.92000000,0.00006000,1688966290305,30139.82000000,0.03119000,30125.01000000,0.00750000
30139.92000000,0.00006000,1688966291213,30139.81000000,0.02600000,30125.01000000,0.00750000
30139.92000000,0.00006000,1688966292280,30139.77000000,0.00800000,30125.01000000,0.00750000
30139.92000000,0.00006000,1688966292500,30139.79000000,0.02988000,30125.01000000,0.00750000
30139.92000000,0.00006000,1688966294304,30139.83000000,0.00800000,30125.01000000,0.00750000
30139.92000000,0.00006000,1688966294797,30134.98000000,0.03546000,30120.01000000,0.00800000
30139.92000000,0.00006000,1688966296230,30134.96000000,0.02936000,30125.01000000,0.00800000
30139.92000000,0.00006000,1688966297278,30134.94000000,0.02571000,30125.01000000,0.00800000
30139.92000000,0.00006000,1688966298251,30134.92000000,0.03998000,30125.00000000,0.04979000
30139.92000000,0.00006000,1688966299325,30134.90000000,0.03632000,30125.00000000,0.04979000
30139.92000000,0.00006000,1688966300348,30134.90000000,0.00800000,30125.01000000,0.00800000
30139.92000000,0.00006000,1688966301338,30134.88000000,0.02943000,30120.00000000,0.04978000
30139.92000000,0.00006000,1688966302309,30134.86000000,0.00800000,30120.01000000,0.00800000
30139.92000000,0.00006000,1688966302452,30134.85000000,0.02907000,30120.01000000,0.00800000
30139.92000000,0.00006000,1688966304319,30134.83000000,0.03674000,30120.01000000,0.00800000
30139.92000000,0.00006000,1688966305357,30134.83000000,0.03225000,30120.01000000,0.00800000
30139.92000000,0.00006000,1688966305796,30134.83000000,0.04375000,30120.01000000,0.00800000
30139.92000000,0.00006000,1688966307143,30134.78000000,0.02980000,30120.01000000,0.00800000
30139.92000000,0.00006000,1688966308343,30134.76000000,0.03461000,30120.01000000,0.00800000
30139.92000000,0.00006000,1688966309650,30134.75000000,0.02600000,30120.01000000,0.00800000
30139.92000000,0.00006000,1688966310623,30134.73000000,0.02660000,30120.01000000,0.00800000
30139.92000000,0.00006000,1688966311649,30134.73000000,0.02600000,30120.01000000,0.00800000
30139.92000000,0.00006000,1688966312662,30134.72000000,0.04346000,30120.01000000,0.00800000
30139.92000000,0.00006000,1688966313383,30134.70000000,0.02953000,30120.01000000,0.00800000
30139.92000000,0.00006000,1688966314447,30134.70000000,0.00800000,30120.01000000,0.00800000
30139.92000000,0.00006000,1688966315739,30134.69000000,0.03297000,30120.01000000,0.00800000
30139.92000000,0.00006000,1688966316037,30134.69000000,0.00800000,30120.01000000,0.00800000
30139.92000000,0.00006000,1688966318959,30134.69000000,0.00800000,30125.00000000,0.04979000
30139.92000000,0.00006000,1688966319843,30134.69000000,0.03252000,30125.00000000,0.05779000
30139.92000000,0.00006000,1688966320382,30134.68000000,0.02524000,30125.01000000,0.00800000
30139.92000000,0.00006000,1688966321501,30134.68000000,0.02524000,30120.01000000,0.00800000
30139.92000000,0.00006000,1688966322762,30134.66000000,0.03365000,30120.01000000,0.00800000
30139.92000000,0.00006000,1688966323748,30134.64000000,0.02764000,30120.01000000,0.00800000
30139.92000000,0.00006000,1688966324906,30134.63000000,0.02600000,30120.01000000,0.00800000
30139.92000000,0.00006000,1688966325027,30134.62000000,0.02304000,30120.01000000,0.00800000
30139.92000000,0.00006000,1688966326966,30134.62000000,0.00800000,30120.01000000,0.00800000
30139.92000000,0.00006000,1688966327896,30134.61000000,0.02600000,30120.01000000,0.00800000
30139.92000000,0.00006000,1688966328519,30134.58000000,0.00800000,30120.01000000,0.00800000
30139.92000000,0.00006000,1688966329855,30134.58000000,0.03269000,30120.01000000,0.00800000
30139.92000000,0.00006000,1688966330903,30134.78000000,0.02600000,30120.01000000,0.00800000
30139.92000000,0.00006000,1688966332005,30134.76000000,0.00800000,30120.01000000,0.00800000
30139.92000000,0.00006000,1688966332436,30134.76000000,0.02800000,30120.01000000,0.00800000
30139.92000000,0.00006000,1688966334014,30134.76000000,0.03600000,30120.01000000,0.00800000
30139.92000000,0.00006000,1688966334969,30134.75000000,0.02590000,30120.01000000,0.00800000
30139.92000000,0.00006000,1688966336033,30134.74000000,0.00800000,30120.01000000,0.00800000
30139.92000000,0.00006000,1688966337034,30134.69000000,0.02618000,30120.01000000,0.00800000
30139.92000000,0.00006000,1688966338026,30134.69000000,0.00800000,30120.01000000,0.00800000
30139.92000000,0.00006000,1688966339057,30134.67000000,0.00800000,30120.01000000,0.00800000
30139.92000000,0.00006000,1688966339921,30134.67000000,0.04518000,30120.01000000,0.00800000
30139.92000000,0.00006000,1688966341059,30134.65000000,0.00800000,30120.01000000,0.00800000
30139.92000000,0.00006000,1688966342066,30134.63000000,0.00800000,30120.01000000,0.00800000
30139.92000000,0.00006000,1688966342449,30134.61000000,0.02719000,30120.01000000,0.00800000
30134.61000000,0.00006000,1688966344036,30134.60000000,0.00800000,30120.01000000,0.00800000
30134.61000000,0.00006000,1688966344816,30134.63000000,0.04325000,30120.01000000,0.00800000
30134.61000000,0.00006000,1688966346030,30134.60000000,0.00800000,30120.01000000,0.00800000
30134.61000000,0.00029000,1688966347070,30134.61000000,0.00800000,30120.01000000,0.00800000
30134.61000000,0.00029000,1688966348023,30134.60000000,0.00800000,30120.01000000,0.00800000
30134.61000000,0.00029000,1688966348544,30134.57000000,0.03212000,30120.01000000,0.00800000
30134.61000000,0.00029000,1688966350024,30134.56000000,0.00800000,30120.01000000,0.00800000
30134.61000000,0.00029000,1688966350445,30134.57000000,0.02789000,30120.01000000,0.00800000
30134.61000000,0.00029000,1688966352122,30134.58000000,0.00800000,30120.01000000,0.00800000
30134.61000000,0.00029000,1688966352212,30134.58000000,0.00800000,30120.01000000,0.00800000
30134.61000000,0.00029000,1688966355834,30134.57000000,0.03065000,30120.01000000,0.00800000
30134.61000000,0.00029000,1688966356536,30134.58000000,0.03731000,30120.01000000,0.00800000
30134.61000000,0.00029000,1688966357776,30134.56000000,0.00800000,30120.01000000,0.00800000
30134.61000000,0.00029000,1688966358569,30134.56000000,0.00800000,30120.01000000,0.00800000
30134.61000000,0.00029000,1688966359829,30134.56000000,0.03761000,30120.01000000,0.00800000
30134.61000000,0.00029000,1688966360573,30134.54000000,0.02565000,30120.01000000,0.00800000
30134.61000000,0.00029000,1688966362034,30134.53000000,0.00800000,30120.01000000,0.00800000
30134.61000000,0.00029000,1688966362536,30134.54000000,0.03317000,30120.01000000,0.00800000
30134.61000000,0.00029000,1688966364005,30134.51000000,0.00800000,30120.01000000,0.00800000
30134.61000000,0.00029000,1688966364602,30134.49000000,0.03845000,30120.01000000,0.00800000
30134.61000000,0.00029000,1688966366452,30134.48000000,0.02600000,30120.01000000,0.00800000
30134.61000000,0.00029000,1688966367436,30134.47000000,0.00800000,30120.01000000,0.00800000
30134.61000000,0.00029000,1688966368451,30134.45000000,0.03216000,30120.01000000,0.00800000
30134.61000000,0.00029000,1688966369456,30134.46000000,0.02600000,30120.01000000,0.00800000
30134.61000000,0.00029000,1688966370455,30134.43000000,0.02600000,30120.01000000,0.00800000
30134.61000000,0.00029000,1688966370601,30134.42000000,0.03720000,30120.01000000,0.00800000
30134.61000000,0.00029000,1688966372015,30129.99000000,0.03400000,30115.01000000,0.02800000
30134.61000000,0.00029000,1688966373037,30129.97000000,0.00800000,30115.03000000,0.00800000
30134.61000000,0.00029000,1688966374007,30129.97000000,0.00800000,30120.01000000,0.00800000
30134.61000000,0.00029000,1688966391350,30134.79000000,0.03348000,30120.01000000,0.00800000
30134.61000000,0.00029000,1688966392104,30134.77000000,0.00800000,30120.01000000,0.00800000
30134.61000000,0.00029000,1688966393352,30134.76000000,0.00800000,30120.01000000,0.00800000
30134.61000000,0.00029000,1688966394069,30134.76000000,0.00800000,30120.01000000,0.00800000
30134.61000000,0.00029000,1688966395227,30134.76000000,0.00800000,30120.02000000,0.00282000
30134.61000000,0.00029000,1688966398287,30134.76000000,0.00800000,30120.01000000,0.00800000
30134.61000000,0.00029000,1688966401041,30134.76000000,0.00800000,30120.02000000,0.00282000
30134.61000000,0.00029000,1688966401823,30134.76000000,0.00800000,30120.01000000,0.00800000
30134.76000000,0.00006000,1688966402225,30134.76000000,0.00800000,30120.01000000,0.00800000
30110.00000000,0.02317000,1688966403861,30129.99000000,0.03400000,30115.01000000,0.02300000
30110.00000000,0.02317000,1688966404884,30129.97000000,0.00800000,30115.03000000,0.00582000
30110.00000000,0.02317000,1688966405104,30129.97000000,0.00800000,30115.03000000,0.00300000
30110.00000000,0.02317000,1688966406822,30129.99000000,0.03400000,30115.04000000,0.00282000
30110.00000000,0.02317000,1688966407412,30129.97000000,0.00800000,30115.03000000,0.00300000
30110.00000000,0.02317000,1688966408930,30129.97000000,0.00800000,30115.03000000,0.00300000
30110.00000000,0.02317000,1688966410699,30129.97000000,0.00800000,30115.04000000,0.00282000
30110.00000000,0.02317000,1688966411204,30129.97000000,0.00800000,30115.03000000,0.00300000
30129.97000000,0.00018000,1688966411790,30129.97000000,0.00800000,30115.03000000,0.00300000
30129.97000000,0.00018000,1688966412724,30129.97000000,0.00800000,30115.04000000,0.00282000
30129.97000000,0.00018000,1688966414489,30129.97000000,0.00800000,30115.03000000,0.00300000
30129.97000000,0.00018000,1688966415420,30129.97000000,0.00800000,30115.04000000,0.00189000
30129.97000000,0.00018000,1688966432219,30129.97000000,0.00800000,30115.03000000,0.00300000
30129.97000000,0.00018000,1688966432820,30129.97000000,0.00800000,30115.04000000,0.00183000
30129.97000000,0.00018000,1688966437147,30125.00000000,0.04980000,30115.04000000,0.00183000
30129.97000000,0.00018000,1688966437187,30124.99000000,0.00800000,30115.04000000,0.00183000
30124.99000000,0.00054000,1688966439347,30124.99000000,0.00746000,30115.04000000,0.00183000
30124.99000000,0.00054000,1688966439394,30124.99000000,0.00800000,30115.04000000,0.00183000
30124.99000000,0.00054000,1688966445588,30126.59000000,0.02600000,30115.04000000,0.00183000
30124.99000000,0.00054000,1688966445589,30126.58000000,0.00800000,30115.04000000,0.00183000
30126.58000000,0.00156000,1688966462048,30126.58000000,0.00644000,30115.04000000,0.00183000
30127.34000000,0.00006000,1688966462888,30127.33000000,0.00800000,30115.01000000,0.00350000
30127.34000000,0.00006000,1688966465942,30125.00000000,0.04980000,30115.01000000,0.00350000
30127.34000000,0.00006000,1688966466103,30124.99000000,0.00800000,30112.35000000,0.00800000
30127.34000000,0.00006000,1688966467722,30124.99000000,0.00800000,30112.36000000,0.00279000
30127.34000000,0.00006000,1688966470006,30127.34000000,0.02166000,30112.36000000,0.00279000
30127.34000000,0.00006000,1688966470006,30127.33000000,0.00800000,30112.36000000,0.00279000
30127.34000000,0.00006000,1688966480254,30127.33000000,0.00800000,30115.00000000,0.04980000
30127.34000000,0.00006000,1688966480934,30134.76000000,0.00800000,30115.01000000,0.01487000
30127.34000000,0.00006000,1688966482241,30134.74000000,0.04042000,30115.01000000,0.01487000
30127.34000000,0.00006000,1688966483245,30134.73000000,0.02191000,30115.01000000,0.01487000
30127.34000000,0.00006000,1688966484005,30129.99000000,0.00800000,30115.01000000,0.01487000
30127.34000000,0.00006000,1688966487857,30129.99000000,0.00800000,30120.00000000,0.04980000
30127.34000000,0.00006000,1688966488308,30130.00000000,0.04979000,30120.03000000,0.00800000
30127.34000000,0.00006000,1688966489650,30130.00000000,0.04979000,30120.02000000,0.02000000
30127.34000000,0.00006000,1688966490010,30129.99000000,0.00800000,30120.03000000,0.01079000
30127.34000000,0.00006000,1688966491223,30129.99000000,0.00800000,30120.03000000,0.00279000
30129.99000000,0.00626000,1688966493153,30129.99000000,0.00174000,30120.03000000,0.00279000
30129.99000000,0.00626000,1688966493219,30129.99000000,0.00800000,30118.93000000,0.00800000
30129.99000000,0.00626000,1688966497821,30125.00000000,0.04979000,30118.93000000,0.00800000
30129.99000000,0.00626000,1688966497943,30124.99000000,0.00800000,30118.89000000,0.02000000
30129.99000000,0.00626000,1688966499039,30124.99000000,0.00800000,30118.89000000,0.02000000
30129.99000000,0.00626000,1688966500942,30124.99000000,0.00800000,30118.81000000,0.02000000
30129.99000000,0.00626000,1688966501943,30129.98000000,0.02600000,30118.81000000,0.02000000
30129.99000000,0.00626000,1688966502029,30129.97000000,0.00800000,30118.82000000,0.00800000
30129.99000000,0.00626000,1688966504030,30129.99000000,0.02600000,30118.82000000,0.00800000
30129.99000000,0.00626000,1688966505031,30129.97000000,0.00800000,30118.82000000,0.00800000
30129.99000000,0.00626000,1688966506385,30125.00000000,0.04979000,30118.82000000,0.00800000
30129.99000000,0.00626000,1688966506718,30125.00000000,0.04979000,30115.01000000,0.02408000
30129.99000000,0.00626000,1688966508360,30126.65000000,0.00800000,30115.01000000,0.00408000
30129.99000000,0.00626000,1688966509355,30126.65000000,0.00800000,30115.01000000,0.02408000
30129.99000000,0.00626000,1688966510360,30126.65000000,0.00800000,30115.02000000,0.02800000
30129.99000000,0.00626000,1688966510436,30126.65000000,0.00800000,30115.03000000,0.02800000
30129.99000000,0.00626000,1688966511436,30126.65000000,0.00800000,30115.05000000,0.00800000
30129.99000000,0.00626000,1688966513437,30126.65000000,0.00800000,30115.03000000,0.02000000
30129.99000000,0.00626000,1688966514420,30126.65000000,0.00800000,30115.04000000,0.02000000
30129.99000000,0.00626000,1688966515045,30134.69000000,0.02739000,30115.05000000,0.00800000
30129.99000000,0.00626000,1688966516141,30134.70000000,0.00800000,30120.03000000,0.00800000
30129.99000000,0.00626000,1688966518041,30134.70000000,0.00800000,30120.01000000,0.02000000
30129.99000000,0.00626000,1688966518386,30134.70000000,0.00800000,30120.02000000,0.02000000
30129.99000000,0.00626000,1688966520018,30134.70000000,0.00800000,30120.03000000,0.00800000
30129.99000000,0.00626000,1688966520443,30134.70000000,0.00800000,30118.50000000,0.00800000
30134.70000000,0.00006000,1688966521872,30134.70000000,0.00800000,30118.50000000,0.00800000
30134.70000000,0.00006000,1688966527263,30134.70000000,0.00800000,30120.00000000,0.04979000
30134.70000000,0.00006000,1688966528248,30134.70000000,0.00800000,30120.03000000,0.00800000
30134.70000000,0.00006000,1688966530249,30134.70000000,0.00800000,30120.01000000,0.02000000
30134.70000000,0.00006000,1688966531168,30134.70000000,0.00800000,30120.02000000,0.02000000
30134.70000000,0.00006000,1688966532024,30134.70000000,0.00800000,30120.03000000,0.00800000
30134.70000000,0.00006000,1688966534253,30134.70000000,0.00800000,30115.03000000,0.02978000
30134.70000000,0.00006000,1688966535253,30134.70000000,0.00800000,30115.09000000,0.00800000
30134.70000000,0.00006000,1688966536176,30130.50000000,0.00400000,30115.09000000,0.00800000
30134.70000000,0.00006000,1688966536507,30130.50000000,0.00400000,30115.09000000,0.03665000
30134.70000000,0.00006000,1688966538257,30130.50000000,0.00400000,30115.19000000,0.00800000
30134.70000000,0.00006000,1688966539218,30130.00000000,0.04980000,30116.10000000,0.03462000
30134.70000000,0.00006000,1688966540139,30129.99000000,0.00800000,30116.13000000,0.03509000
30134.70000000,0.00006000,1688966541135,30130.50000000,0.00400000,30116.15000000,0.02436000
30134.70000000,0.00006000,1688966542260,30130.50000000,0.00400000,30116.16000000,0.00800000
30134.70000000,0.00006000,1688966542704,30130.50000000,0.00400000,30116.17000000,0.02757000
30134.70000000,0.00006000,1688966544129,30130.50000000,0.00400000,30116.19000000,0.04171000
30134.70000000,0.00006000,1688966544720,30130.50000000,0.00400000,30116.21000000,0.02740000
30134.70000000,0.00006000,1688966546206,30130.50000000,0.00400000,30116.23000000,0.03618000
30134.70000000,0.00006000,1688966546561,30130.50000000,0.00400000,30116.26000000,0.00800000
30134.70000000,0.00006000,1688966548463,30130.50000000,0.00400000,30116.22000000,0.02000000
30134.70000000,0.00006000,1688966549364,30130.50000000,0.00400000,30116.25000000,0.00800000
30134.70000000,0.00006000,1688966550066,30130.50000000,0.00400000,30120.01000000,0.02800000
30134.70000000,0.00006000,1688966551066,30130.50000000,0.00400000,30120.01000000,0.00800000
30134.70000000,0.00006000,1688966555668,30130.50000000,0.00400000,30115.02000000,0.03784000
30134.70000000,0.00006000,1688966556389,30130.50000000,0.00400000,30115.18000000,0.04803000
30134.70000000,0.00006000,1688966557458,30130.50000000,0.00400000,30115.32000000,0.02775000
30134.70000000,0.00006000,1688966558354,30130.50000000,0.00400000,30115.51000000,0.03772000
30134.70000000,0.00006000,1688966559174,30130.50000000,0.00400000,30115.53000000,0.02695000
30134.70000000,0.00006000,1688966560504,30130.00000000,0.04980000,30115.55000000,0.03455000
30134.70000000,0.00006000,1688966560859,30130.00000000,0.04980000,30115.57000000,0.03389000
30134.70000000,0.00006000,1688966562574,30130.50000000,0.00400000,30115.59000000,0.02458000
30134.70000000,0.00006000,1688966562788,30130.50000000,0.00400000,30115.61000000,0.03191000
30134.70000000,0.00006000,1688966564487,30130.50000000,0.00400000,30115.63000000,0.03660000
30134.70000000,0.00006000,1688966565396,30130.50000000,0.00400000,30115.67000000,0.03018000
30134.70000000,0.00006000,1688966566332,30130.50000000,0.00400000,30115.65000000,0.02639000
30134.70000000,0.00006000,1688966567305,30130.50000000,0.00400000,30115.67000000,0.02323000
30134.70000000,0.00006000,1688966568512,30130.50000000,0.00400000,30115.69000000,0.03075000
30134.70000000,0.00006000,1688966569523,30130.50000000,0.00400000,30115.71000000,0.02350000
30134.70000000,0.00006000,1688966570678,30130.50000000,0.00400000,30115.75000000,0.00800000
30134.70000000,0.00006000,1688966571683,30130.00000000,0.04980000,30115.75000000,0.02381000
30134.70000000,0.00006000,1688966572660,30129.99000000,0.00800000,30115.74000000,0.02000000
30134.70000000,0.00006000,1688966574006,30129.99000000,0.00800000,30115.75000000,0.00800000
30134.70000000,0.00006000,1688966580985,30130.50000000,0.00400000,30115.75000000,0.00800000
30134.70000000,0.00006000,1688966581586,30129.99000000,0.00800000,30115.75000000,0.00800000
30129.99000000,0.00006000,1688966582195,30129.99000000,0.00800000,30115.75000000,0.00800000
30129.99000000,0.00006000,1688966586089,30130.50000000,0.00400000,30115.75000000,0.00800000
30129.99000000,0.00006000,1688966586363,30130.50000000,0.00400000,30120.02000000,0.02000000
30129.99000000,0.00006000,1688966587364,30130.50000000,0.00400000,30120.01000000,0.02800000
30129.99000000,0.00006000,1688966588392,30130.50000000,0.00400000,30120.03000000,0.00800000
30129.99000000,0.00006000,1688966591392,30130.50000000,0.00400000,30115.02000000,0.03165000
30129.99000000,0.00006000,1688966592344,30129.99000000,0.00800000,30115.17000000,0.02968000
30129.99000000,0.00006000,1688966592900,30129.99000000,0.00800000,30115.01000000,0.00408000
30129.99000000,0.00006000,1688966594017,30129.99000000,0.00800000,30115.01000000,0.01208000
30129.99000000,0.00006000,1688966605770,30129.99000000,0.00800000,30115.02000000,0.00319000
30129.99000000,0.00006000,1688966606064,30129.99000000,0.00800000,30115.01000000,0.01208000
30129.99000000,0.00006000,1688966607726,30129.99000000,0.00800000,30115.01000000,0.01208000
30129.99000000,0.00006000,1688966608104,30129.99000000,0.00800000,30115.03000000,0.00319000
30129.99000000,0.00006000,1688966610326,30129.99000000,0.00800000,30115.04000000,0.00066000
30129.99000000,0.00006000,1688966610403,30129.99000000,0.00800000,30115.05000000,0.00319000
30129.99000000,0.00006000,1688966612603,30129.99000000,0.00800000,30115.06000000,0.00066000
30129.99000000,0.00006000,1688966613408,30129.99000000,0.00800000,30115.09000000,0.01109000
30129.99000000,0.00006000,1688966614033,30129.99000000,0.00800000,30115.10000000,0.00056000
30129.99000000,0.00006000,1688966615516,30129.99000000,0.00800000,30115.10000000,0.00056000
30129.99000000,0.00006000,1688966617609,30129.99000000,0.00800000,30115.11000000,0.00312000
30129.99000000,0.00006000,1688966617675,30129.99000000,0.00800000,30115.10000000,0.00056000
30129.99000000,0.00006000,1688966619811,30129.99000000,0.00800000,30115.11000000,0.00309000
30129.99000000,0.00006000,1688966620138,30130.50000000,0.00400000,30115.10000000,0.00056000
30129.99000000,0.00006000,1688966621814,30130.50000000,0.00400000,30115.10000000,0.00056000
30129.99000000,0.00006000,1688966622159,30130.50000000,0.00400000,30115.10000000,0.00056000
30129.99000000,0.00006000,1688966623819,30130.00000000,0.04980000,30115.10000000,0.00056000
30129.99000000,0.00006000,1688966624222,30129.99000000,0.00800000,30115.10000000,0.00056000
30129.99000000,0.00006000,1688966627915,30129.99000000,0.00800000,30115.11000000,0.00312000
30129.99000000,0.00006000,1688966628802,30129.99000000,0.00800000,30115.07000000,0.02800000
30129.99000000,0.00006000,1688966629419,30129.99000000,0.00800000,30115.09000000,0.00800000
30129.99000000,0.00006000,1688966630518,30129.99000000,0.00800000,30115.12000000,0.00302000
30129.99000000,0.00006000,1688966632952,30129.99000000,0.00800000,30115.13000000,0.00046000
30129.99000000,0.00006000,1688966633020,30129.99000000,0.00800000,30115.14000000,0.00302000
30129.99000000,0.00006000,1688966635544,30129.99000000,0.00800000,30115.15000000,0.00046000
30129.99000000,0.00006000,1688966635621,30129.99000000,0.00800000,30115.16000000,0.00299000
30129.99000000,0.00006000,1688966636924,30130.50000000,0.00400000,30115.16000000,0.00299000
30129.99000000,0.00006000,1688966638025,30129.99000000,0.00800000,30115.17000000,0.00046000
30129.99000000,0.00064000,1688966641150,30129.99000000,0.00742000,30115.17000000,0.00046000
30129.99000000,0.00070000,1688966641916,30129.99000000,0.00800000,30115.17000000,0.00046000
30129.99000000,0.00070000,1688966643465,30129.99000000,0.00800000,30115.18000000,0.03024000
30129.99000000,0.00070000,1688966644414,30129.99000000,0.00800000,30115.17000000,0.00290000
30129.99000000,0.00070000,1688966645410,30129.99000000,0.00800000,30115.18000000,0.02000000
30129.99000000,0.00070000,1688966646481,30129.99000000,0.00800000,30115.19000000,0.00293000
30129.99000000,0.00070000,1688966647098,30129.99000000,0.00800000,30115.21000000,0.02621000
30129.99000000,0.00070000,1688966648054,30129.99000000,0.00800000,30115.23000000,0.03546000
30129.99000000,0.00070000,1688966649485,30129.99000000,0.00800000,30115.25000000,0.03057000
30129.99000000,0.00070000,1688966650483,30129.99000000,0.00800000,30115.25000000,0.04804000
30129.99000000,0.00070000,1688966651018,30129.99000000,0.00800000,30115.24000000,0.03710000
30129.99000000,0.00070000,1688966652477,30129.99000000,0.00800000,30115.26000000,0.00800000
30129.99000000,0.00070000,1688966652661,30129.99000000,0.00800000,30115.29000000,0.03742000
30129.99000000,0.00070000,1688966654054,30129.99000000,0.00800000,30115.31000000,0.02417000
30129.99000000,0.00070000,1688966654831,30129.99000000,0.00800000,30115.33000000,0.03221000
30129.99000000,0.00070000,1688966656443,30129.99000000,0.00800000,30115.39000000,0.00800000
30129.99000000,0.00070000,1688966656804,30129.99000000,0.00800000,30115.38000000,0.02833000
30129.99000000,0.00070000,1688966658418,30129.99000000,0.00800000,30115.42000000,0.00293000
30129.99000000,0.00070000,1688966658652,30129.99000000,0.00800000,30115.42000000,0.02947000
30129.99000000,0.00070000,1688966660166,30129.99000000,0.00800000,30115.44000000,0.02327000
30129.99000000,0.00070000,1688966661117,30129.99000000,0.00800000,30115.46000000,0.03869000
30129.99000000,0.00070000,1688966662401,30129.99000000,0.00800000,30115.48000000,0.03466000
30129.99000000,0.00070000,1688966663422,30129.99000000,0.00800000,30115.50000000,0.03088000
30129.99000000,0.00070000,1688966664499,30129.99000000,0.00800000,30115.53000000,0.00283000
30129.99000000,0.00070000,1688966665557,30130.50000000,0.00400000,30115.53000000,0.00283000
30129.99000000,0.00070000,1688966666548,30130.50000000,0.00400000,30115.55000000,0.00800000
30129.99000000,0.00070000,1688966666668,30130.50000000,0.00400000,30115.58000000,0.02479000
30129.99000000,0.00070000,1688966668351,30130.50000000,0.00400000,30120.01000000,0.03083000
30115.02000000,0.00726000,1688966669535,30130.50000000,0.00400000,30115.02000000,0.03893000
30115.02000000,0.00726000,1688966670536,30130.50000000,0.00400000,30115.04000000,0.02000000
30115.02000000,0.00726000,1688966670609,30130.50000000,0.00400000,30115.03000000,0.02618000
30115.02000000,0.00726000,1688966672189,30130.50000000,0.00400000,30115.05000000,0.03720000
30115.02000000,0.00726000,1688966673549,30130.50000000,0.00400000,30115.10000000,0.02830000
30115.02000000,0.00726000,1688966674348,30130.50000000,0.00400000,30115.07000000,0.03807000
30115.02000000,0.00726000,1688966675055,30130.00000000,0.04980000,30115.09000000,0.03263000
30115.02000000,0.00726000,1688966676082,30129.99000000,0.00800000,30115.11000000,0.02450000
30115.02000000,0.00726000,1688966676848,30129.99000000,0.00800000,30115.13000000,0.02318000
30115.02000000,0.00726000,1688966678343,30129.99000000,0.00800000,30115.06000000,0.02436000
30115.02000000,0.00726000,1688966679620,30129.99000000,0.00800000,30115.07000000,0.02000000
30115.02000000,0.00726000,1688966680621,30130.50000000,0.00400000,30115.07000000,0.00800000
30115.02000000,0.00726000,1688966680649,30130.50000000,0.00400000,30115.08000000,0.02532000
30115.02000000,0.00726000,1688966682350,30130.50000000,0.00400000,30115.06000000,0.02307000
30115.02000000,0.00726000,1688966683317,30130.00000000,0.04980000,30115.06000000,0.02307000
30115.02000000,0.00726000,1688966684626,30130.50000000,0.00400000,30115.03000000,0.02000000
30115.02000000,0.00726000,1688966685627,30130.00000000,0.04980000,30115.05000000,0.02000000
30115.02000000,0.00726000,1688966686235,30129.99000000,0.00800000,30115.08000000,0.03456000
30115.02000000,0.00726000,1688966687629,30129.99000000,0.00800000,30115.09000000,0.02000000
30115.02000000,0.00726000,1688966688551,30129.99000000,0.00800000,30115.12000000,0.02849000
30115.02000000,0.00726000,1688966689631,30129.99000000,0.00800000,30115.15000000,0.02000000
30115.02000000,0.00726000,1688966690633,30129.99000000,0.00800000,30115.17000000,0.02000000
30115.02000000,0.00726000,1688966691634,30129.99000000,0.00800000,30115.20000000,0.02000000
30115.02000000,0.00726000,1688966692635,30129.99000000,0.00800000,30115.22000000,0.02000000
30115.02000000,0.00726000,1688966693638,30129.99000000,0.00800000,30115.25000000,0.02000000
30115.02000000,0.00726000,1688966694638,30129.99000000,0.00800000,30115.27000000,0.02000000
30129.99000000,0.00104000,1688966695665,30129.99000000,0.00800000,30115.28000000,0.00800000
30129.99000000,0.00104000,1688966696670,30129.99000000,0.00800000,30115.30000000,0.00800000
30130.00000000,0.01225000,1688966697671,30129.99000000,0.00350000,30115.30000000,0.00800000
30130.00000000,0.01675000,1688966698646,30130.00000000,0.02080000,30120.02000000,0.02800000
30130.00000000,0.01675000,1688966699643,30130.00000000,0.02080000,30120.03000000,0.02000000
30130.00000000,0.01675000,1688966700673,30130.50000000,0.00400000,30120.05000000,0.00800000
30130.00000000,0.01675000,1688966701874,30130.50000000,0.00400000,30120.03000000,0.02000000
30130.00000000,0.01675000,1688966702875,30130.50000000,0.00400000,30120.05000000,0.00800000
30130.50000000,0.00006000,1688966703678,30130.50000000,0.00394000,30120.05000000,0.00800000
30130.50000000,0.00006000,1688966705120,30130.00000000,0.04979000,30120.05000000,0.00800000
30130.50000000,0.00006000,1688966706082,30130.00000000,0.04979000,30120.05000000,0.00800000
30130.50000000,0.00006000,1688966706188,30130.00000000,0.04979000,30120.04000000,0.02000000
30130.50000000,0.00006000,1688966708005,30130.00000000,0.04979000,30120.05000000,0.00800000
30130.00000000,0.00018000,1688966712264,30130.00000000,0.04961000,30120.05000000,0.00800000
30130.00000000,0.00018000,1688966713104,30130.00000000,0.04961000,30115.01000000,0.00408000
30130.00000000,0.00018000,1688966714101,30129.99000000,0.02600000,30115.01000000,0.01208000
30130.00000000,0.00018000,1688966715160,30129.98000000,0.03207000,30115.01000000,0.01208000
30130.00000000,0.00018000,1688966716230,30129.96000000,0.02421000,30115.01000000,0.01208000
30130.00000000,0.00018000,1688966721951,30125.00000000,0.04980000,30115.01000000,0.01208000
30130.00000000,0.00018000,1688966722241,30125.96000000,0.02600000,30115.01000000,0.00408000
30130.00000000,0.00018000,1688966724020,30125.96000000,0.02600000,30115.01000000,0.01208000
30130.00000000,0.00018000,1688966724721,30125.96000000,0.02600000,30120.00000000,0.04980000
30125.96000000,0.00049000,1688966725195,30125.96000000,0.02551000,30120.00000000,0.04980000
30125.96000000,0.00049000,1688966731773,30125.96000000,0.02551000,30125.00000000,0.04980000
30125.00000000,0.02707000,1688966732259,30130.47000000,0.03117000,30115.01000000,0.03208000
30125.00000000,0.02707000,1688966733586,30129.97000000,0.02635000,30115.01000000,0.00408000
30125.00000000,0.02707000,1688966734452,30129.97000000,0.02635000,30115.01000000,0.03208000
30125.00000000,0.02707000,1688966735683,30129.99000000,0.02441000,30115.02000000,0.02800000
30125.00000000,0.02707000,1688966736199,30129.99000000,0.02441000,30115.05000000,0.00800000
30115.05000000,0.00049000,1688966738155,30129.99000000,0.02441000,30115.05000000,0.00751000
30115.05000000,0.00049000,1688966739138,30129.98000000,0.02600000,30115.03000000,0.00800000
30115.05000000,0.00049000,1688966740141,30129.96000000,0.02600000,30115.03000000,0.00800000
30115.05000000,0.00049000,1688966740660,30129.94000000,0.02574000,30115.03000000,0.00800000
30115.05000000,0.00049000,1688966742034,30129.94000000,0.00050000,30115.03000000,0.00800000
30115.05000000,0.00049000,1688966743164,30129.97000000,0.00050000,30115.03000000,0.00800000
30115.05000000,0.00049000,1688966744144,30129.96000000,0.02600000,30115.03000000,0.00800000
30115.05000000,0.00049000,1688966745144,30129.93000000,0.02600000,30115.03000000,0.00800000
30115.05000000,0.00049000,1688966746176,30129.92000000,0.02396000,30115.03000000,0.00800000
30115.05000000,0.00049000,1688966761821,30125.00000000,0.04980000,30115.03000000,0.00800000
30126.12000000,0.00006000,1688966762794,30126.11000000,0.03622000,30115.03000000,0.00800000
30126.12000000,0.00006000,1688966763601,30126.07000000,0.03312000,30115.03000000,0.00800000
30126.12000000,0.00006000,1688966764443,30126.07000000,0.02309000,30115.03000000,0.00800000
30126.12000000,0.00006000,1688966766009,30126.06000000,0.00050000,30115.03000000,0.00800000
30126.12000000,0.00006000,1688966766529,30126.07000000,0.03661000,30115.03000000,0.00800000
30126.12000000,0.00006000,1688966768004,30126.04000000,0.00050000,30115.03000000,0.00800000
30126.12000000,0.00006000,1688966768969,30126.08000000,0.02650000,30115.01000000,0.00408000
30126.12000000,0.00006000,1688966770017,30126.05000000,0.00050000,30115.01000000,0.00408000
30126.12000000,0.00006000,1688966770980,30126.03000000,0.02878000,30115.01000000,0.00408000
30126.12000000,0.00006000,1688966772005,30126.02000000,0.00050000,30115.01000000,0.00408000
30126.12000000,0.00006000,1688966772985,30126.01000000,0.02545000,30115.01000000,0.00408000
30126.12000000,0.00006000,1688966774020,30126.01000000,0.02595000,30115.01000000,0.03208000
30126.12000000,0.00006000,1688966775032,30126.00000000,0.02600000,30115.03000000,0.00800000
30126.12000000,0.00006000,1688966776005,30124.99000000,0.00050000,30110.01000000,0.01208000
30126.12000000,0.00006000,1688966776906,30124.99000000,0.03431000,30110.01000000,0.01208000
30126.12000000,0.00006000,1688966777738,30124.99000000,0.02753000,30110.01000000,0.01208000
30126.12000000,0.00006000,1688966781566,30124.99000000,0.00050000,30110.01000000,0.01208000
30126.12000000,0.00006000,1688966781774,30124.99000000,0.02407000,30110.01000000,0.01208000
30126.12000000,0.00006000,1688966784388,30124.99000000,0.02407000,30115.00000000,0.04980000
30126.12000000,0.00006000,1688966784861,30125.97000000,0.02742000,30110.03000000,0.00800000
30126.12000000,0.00006000,1688966786389,30125.98000000,0.02600000,30110.01000000,0.03208000
30126.12000000,0.00006000,1688966786714,30125.97000000,0.02839000,30110.02000000,0.02000000
30126.12000000,0.00006000,1688966788200,30125.96000000,0.03434000,30115.01000000,0.00800000
30126.12000000,0.00006000,1688966788965,30124.99000000,0.02600000,30114.03000000,0.00800000
30126.12000000,0.00006000,1688966790005,30124.99000000,0.00050000,30114.03000000,0.00800000
30126.12000000,0.00006000,1688966800242,30125.95000000,0.02600000,30114.03000000,0.00800000
30126.12000000,0.00006000,1688966800536,30125.94000000,0.02655000,30114.03000000,0.00800000
30126.12000000,0.00006000,1688966801945,30124.99000000,0.02650000,30114.03000000,0.00800000
30126.12000000,0.00006000,1688966813278,30124.99000000,0.02650000,30114.02000000,0.02000000
30126.12000000,0.00006000,1688966813522,30124.99000000,0.02650000,30108.03000000,0.00408000
30126.12000000,0.00006000,1688966816700,30124.98000000,0.02418000,30108.03000000,0.00408000
30126.12000000,0.00006000,1688966817579,30124.98000000,0.02683000,30108.03000000,0.00408000
30126.12000000,0.00006000,1688966818663,30124.96000000,0.02475000,30108.03000000,0.00408000
30126.12000000,0.00006000,1688966820013,30124.95000000,0.00050000,30108.03000000,0.00408000
30126.12000000,0.00006000,1688966820656,30124.95000000,0.02378000,30110.00000000,0.04981000
30124.95000000,0.00006000,1688966822004,30124.94000000,0.00050000,30110.01000000,0.00800000
30124.95000000,0.00006000,1688966822433,30124.96000000,0.02821000,30110.01000000,0.00800000
30124.95000000,0.00006000,1688966824004,30124.95000000,0.00050000,30110.01000000,0.00800000
30124.95000000,0.00006000,1688966824286,30124.96000000,0.02406000,30110.01000000,0.00800000
30124.95000000,0.00006000,1688966826028,30124.95000000,0.00050000,30110.01000000,0.00800000
30124.95000000,0.00006000,1688966826889,30124.92000000,0.02315000,30110.01000000,0.00800000
30124.95000000,0.00006000,1688966828059,30124.92000000,0.02455000,30110.01000000,0.00800000
30124.95000000,0.00006000,1688966831678,30124.92000000,0.00050000,30110.01000000,0.00800000
30124.95000000,0.00006000,1688966832566,30124.88000000,0.00050000,30109.14000000,0.00800000
30124.95000000,0.00006000,1688966833666,30124.90000000,0.03186000,30109.14000000,0.00800000
30124.95000000,0.00006000,1688966834667,30124.88000000,0.00050000,30109.14000000,0.00800000
30124.95000000,0.00006000,1688966843627,30124.88000000,0.00050000,30110.00000000,0.04981000
30124.95000000,0.00006000,1688966843674,30124.88000000,0.00050000,30110.01000000,0.02800000
30124.95000000,0.00006000,1688966844675,30124.88000000,0.00050000,30110.03000000,0.00800000
30124.95000000,0.00006000,1688966846675,30124.88000000,0.00050000,30110.01000000,0.02000000
30124.95000000,0.00006000,1688966847648,30124.88000000,0.00050000,30110.02000000,0.02000000
30124.95000000,0.00006000,1688966848008,30124.88000000,0.00050000,30110.03000000,0.00800000
30124.95000000,0.00006000,1688966849677,30124.88000000,0.00050000,30108.03000000,0.00408000
30124.95000000,0.00006000,1688966851483,30124.88000000,0.00050000,30110.00000000,0.04981000
30124.95000000,0.00006000,1688966851579,30124.88000000,0.00050000,30110.01000000,0.00800000
30124.95000000,0.00006000,1688966853433,30124.88000000,0.00050000,30110.01000000,0.02800000
30124.95000000,0.00006000,1688966853580,30124.88000000,0.00050000,30110.03000000,0.00800000
30124.95000000,0.00006000,1688966855582,30124.88000000,0.00050000,30110.01000000,0.02000000
30124.95000000,0.00006000,1688966856582,30124.88000000,0.00050000,30110.03000000,0.00800000
30124.95000000,0.00006000,1688966864144,30120.00000000,0.04981000,30110.03000000,0.00800000
30124.95000000,0.00006000,1688966864388,30124.88000000,0.00050000,30110.03000000,0.00800000
30124.95000000,0.00006000,1688966877373,30124.87000000,0.02604000,30110.03000000,0.00800000
30124.95000000,0.00006000,1688966877600,30124.88000000,0.00050000,30110.03000000,0.00800000
30124.95000000,0.00006000,1688966881751,30124.87000000,0.03779000,30110.03000000,0.00800000
30124.86000000,0.00006000,1688966882734,30124.88000000,0.03705000,30110.03000000,0.00800000
30124.86000000,0.00006000,1688966883715,30124.86000000,0.02965000,30110.03000000,0.00800000
30124.86000000,0.00006000,1688966884751,30124.86000000,0.03694000,30110.03000000,0.00800000
30110.03000000,0.00010000,1688966885603,30124.86000000,0.03715000,30110.03000000,0.00800000
30110.03000000,0.00010000,1688966886760,30124.86000000,0.03549000,30110.03000000,0.00800000
30110.03000000,0.00010000,1688966887681,30124.84000000,0.02970000,30110.03000000,0.00800000
30110.03000000,0.00010000,1688966888557,30124.84000000,0.02660000,30110.03000000,0.00800000
30110.03000000,0.00010000,1688966890009,30124.83000000,0.00100000,30110.03000000,0.00800000
30110.03000000,0.00010000,1688966890433,30124.84000000,0.03712000,30110.03000000,0.00800000
30110.03000000,0.00010000,1688966892011,30124.81000000,0.00100000,30110.03000000,0.00800000
30110.03000000,0.00010000,1688966892477,30124.82000000,0.03364000,30110.03000000,0.00800000
30110.03000000,0.00010000,1688966894005,30124.79000000,0.00100000,30110.03000000,0.00800000
30110.03000000,0.00010000,1688966894575,30124.78000000,0.03324000,30110.03000000,0.00800000
30110.03000000,0.00010000,1688966896003,30124.76000000,0.03899000,30110.03000000,0.00800000
30110.03000000,0.00010000,1688966897018,30124.76000000,0.03785000,30110.03000000,0.00800000
30110.03000000,0.00010000,1688966897954,30124.99000000,0.02734000,30110.03000000,0.00800000
30110.03000000,0.00010000,1688966898687,30124.97000000,0.02493000,30110.03000000,0.00800000
30110.03000000,0.00010000,1688966900005,30124.96000000,0.00100000,30110.03000000,0.00800000
30110.03000000,0.00010000,1688966900213,30124.95000000,0.00100000,30110.03000000,0.00800000
30110.03000000,0.00010000,1688966905016,30124.98000000,0.02600000,30110.03000000,0.00800000
30110.03000000,0.00010000,1688966906018,30124.96000000,0.00100000,30110.03000000,0.00800000
30110.03000000,0.00010000,1688966907016,30124.97000000,0.03395000,30110.03000000,0.00800000
30110.03000000,0.00010000,1688966908023,30124.98000000,0.02600000,30110.03000000,0.00800000
30110.03000000,0.00010000,1688966908023,30124.97000000,0.00100000,30110.03000000,0.00800000
30110.03000000,0.00010000,1688966911827,30124.97000000,0.02558000,30110.03000000,0.00800000
30110.03000000,0.00010000,1688966912566,30124.95000000,0.03569000,30110.03000000,0.00800000
30110.03000000,0.00010000,1688966913662,30124.93000000,0.03367000,30110.03000000,0.00800000
30110.03000000,0.00010000,1688966914637,30124.93000000,0.02363000,30110.03000000,0.00800000
30110.03000000,0.00010000,1688966916010,30124.92000000,0.00100000,30110.03000000,0.00800000
30110.03000000,0.00010000,1688966916490,30124.93000000,0.03685000,30110.03000000,0.00800000
30110.03000000,0.00010000,1688966917670,30124.91000000,0.02919000,30110.03000000,0.00800000
30110.03000000,0.00010000,1688966918582,30124.91000000,0.03688000,30110.03000000,0.00800000
30110.03000000,0.00010000,1688966920025,30124.88000000,0.00100000,30110.03000000,0.00800000
30110.03000000,0.00010000,1688966920353,30124.89000000,0.02485000,30110.03000000,0.00800000
30110.03000000,0.00010000,1688966922038,30124.88000000,0.00100000,30110.03000000,0.00800000
30110.03000000,0.00010000,1688966922586,30124.87000000,0.02732000,30110.03000000,0.00800000
30110.03000000,0.00010000,1688966924033,30124.86000000,0.00100000,30110.03000000,0.00800000
30110.03000000,0.00010000,1688966924521,30124.87000000,0.02980000,30110.03000000,0.00800000
30110.03000000,0.00010000,1688966926063,30124.85000000,0.03718000,30110.03000000,0.00800000
30110.03000000,0.00010000,1688966926902,30124.83000000,0.03814000,30110.03000000,0.00800000
30110.03000000,0.00010000,1688966928454,30124.82000000,0.02600000,30110.03000000,0.00800000
30110.03000000,0.00010000,1688966929004,30124.80000000,0.03679000,30110.03000000,0.00800000
30110.03000000,0.00010000,1688966930214,30124.78000000,0.00100000,30110.03000000,0.00800000
30110.03000000,0.00010000,1688966931855,30124.77000000,0.03495000,30110.03000000,0.00800000
30110.03000000,0.00010000,1688966932416,30124.78000000,0.02480000,30110.03000000,0.00800000
30110.03000000,0.00010000,1688966934008,30124.78000000,0.02380000,30110.03000000,0.00800000
30110.03000000,0.00010000,1688966934656,30124.77000000,0.02550000,30110.03000000,0.00800000
30110.03000000,0.00010000,1688966936005,30124.76000000,0.00100000,30110.03000000,0.00800000
30110.03000000,0.00010000,1688966936862,30124.78000000,0.03585000,30110.03000000,0.00800000
30110.03000000,0.00010000,1688966938008,30124.76000000,0.03157000,30110.03000000,0.00800000
30110.03000000,0.00010000,1688966938820,30124.76000000,0.02860000,30110.03000000,0.00800000
30124.76000000,0.00006000,1688966941781,30124.76000000,0.02854000,30110.03000000,0.00800000
30124.76000000,0.00006000,1688966941837,30124.76000000,0.02810000,30110.03000000,0.00800000
30124.76000000,0.00006000,1688966946908,30124.76000000,0.00050000,30110.03000000,0.00800000
30124.76000000,0.00006000,1688966947895,30124.69000000,0.03538000,30110.03000000,0.00800000
30124.76000000,0.00006000,1688966948004,30124.74000000,0.02493000,30110.03000000,0.00800000
30124.76000000,0.00006000,1688966949062,30124.74000000,0.02657000,30110.03000000,0.00800000
30124.76000000,0.00006000,1688966951917,30124.74000000,0.00050000,30110.03000000,0.00800000
30124.76000000,0.00006000,1688966952851,30124.70000000,0.00050000,30110.03000000,0.00800000
30124.76000000,0.00006000,1688966953461,30124.69000000,0.03494000,30110.03000000,0.00800000
30124.76000000,0.00006000,1688966954432,30124.69000000,0.03221000,30110.03000000,0.00800000
30124.76000000,0.00006000,1688966955655,30124.66000000,0.02918000,30110.03000000,0.00800000
30124.76000000,0.00006000,1688966956904,30124.67000000,0.00050000,30110.03000000,0.00800000
30124.76000000,0.00006000,1688966957018,30124.67000000,0.02762000,30110.03000000,0.00800000
30124.67000000,0.00058000,1688967001724,30124.67000000,0.02704000,30110.03000000,0.00800000
30124.67000000,0.00064000,1688967002158,30124.67000000,0.02698000,30110.03000000,0.00800000
30124.67000000,0.00064000,1688967007029,30124.68000000,0.02600000,30110.03000000,0.00800000
30124.67000000,0.00064000,1688967007706,30124.65000000,0.03087000,30110.03000000,0.00800000
30124.67000000,0.00064000,1688967008709,30124.63000000,0.02903000,30110.03000000,0.00800000
30124.67000000,0.00064000,1688967009856,30124.61000000,0.03018000,30110.03000000,0.00800000
30124.67000000,0.00064000,1688967010960,30124.59000000,0.03599000,30110.03000000,0.00800000
30124.67000000,0.00064000,1688967012727,30124.58000000,0.02600000,30110.03000000,0.00800000
30124.67000000,0.00064000,1688967013728,30124.56000000,0.02600000,30110.03000000,0.00800000
30124.67000000,0.00064000,1688967013923,30124.55000000,0.02714000,30110.03000000,0.00800000
30124.67000000,0.00064000,1688967015759,30124.58000000,0.02600000,30110.03000000,0.00800000
30124.67000000,0.00064000,1688967015972,30124.57000000,0.02510000,30110.03000000,0.00800000
30124.57000000,0.00006000,1688967062367,30124.57000000,0.02504000,30110.03000000,0.00800000
30124.57000000,0.00006000,1688967076556,30124.58000000,0.02600000,30110.03000000,0.00800000
30124.57000000,0.00006000,1688967076921,30124.55000000,0.02854000,30110.03000000,0.00800000
30124.55000000,0.00123000,1688967110266,30124.55000000,0.02731000,30110.03000000,0.00800000
30124.55000000,0.00123000,1688967111127,30124.54000000,0.02600000,30110.00000000,0.04981000
30124.55000000,0.00123000,1688967112211,30124.52000000,0.02600000,30110.01000000,0.00800000
30124.55000000,0.00123000,1688967112336,30124.51000000,0.02681000,30110.01000000,0.00800000
30124.55000000,0.00123000,1688967117266,30124.51000000,0.02681000,30105.00000000,0.04981000
30124.55000000,0.00123000,1688967117267,30124.51000000,0.02681000,30105.01000000,0.00800000
30124.55000000,0.00123000,1688967121630,30120.00000000,0.04981000,30105.01000000,0.00800000
30119.98000000,0.00006000,1688967121876,30119.98000000,0.02459000,30105.01000000,0.00800000
30119.98000000,0.00006000,1688967127285,30119.99000000,0.02600000,30105.01000000,0.00800000
30119.98000000,0.00006000,1688967127442,30119.98000000,0.02411000,30105.01000000,0.00800000
30119.98000000,0.00006000,1688967130177,30119.98000000,0.02411000,30105.00000000,0.04981000
30119.98000000,0.00006000,1688967130578,30114.96000000,0.03028000,30103.43000000,0.00010000
30119.98000000,0.00006000,1688967132325,30114.95000000,0.02600000,30103.43000000,0.00010000
30119.98000000,0.00006000,1688967132397,30114.94000000,0.02448000,30103.43000000,0.00010000
30119.98000000,0.00006000,1688967133806,30114.94000000,0.02448000,30103.43000000,0.00010000
30114.94000000,0.00115000,1688967136737,30114.94000000,0.02333000,30103.43000000,0.00010000
30114.94000000,0.00115000,1688967137218,30114.94000000,0.03506000,30103.43000000,0.00010000
30117.56000000,0.00049000,1688967138523,30117.56000000,0.02551000,30103.43000000,0.00010000
30117.56000000,0.00049000,1688967139897,30117.55000000,0.03543000,30103.43000000,0.00010000
30117.56000000,0.00049000,1688967139997,30117.53000000,0.02760000,30103.43000000,0.00010000
30117.56000000,0.00049000,1688967142229,30115.00000000,0.04982000,30103.43000000,0.00010000
30117.56000000,0.00049000,1688967142238,30114.99000000,0.02600000,30103.43000000,0.00010000
30117.56000000,0.00049000,1688967144539,30114.99000000,0.02600000,30105.00000000,0.04982000
30117.56000000,0.00049000,1688967145064,30124.97000000,0.02700000,30105.03000000,0.00800000
30117.56000000,0.00049000,1688967146102,30124.97000000,0.02700000,30105.01000000,0.02800000
30117.56000000,0.00049000,1688967146980,30124.97000000,0.02700000,30108.95000000,0.02000000
30117.56000000,0.00049000,1688967148392,30124.97000000,0.02700000,30110.01000000,0.00800000
30117.56000000,0.00049000,1688967149188,30124.98000000,0.02600000,30109.42000000,0.00408000
30117.56000000,0.00049000,1688967150118,30125.00000000,0.04982000,30109.42000000,0.00408000
30117.56000000,0.00049000,1688967151268,30120.00000000,0.04981000,30109.42000000,0.00408000
30117.56000000,0.00049000,1688967170318,30124.99000000,0.02499000,30109.42000000,0.00408000
30117.56000000,0.00049000,1688967172400,30125.00000000,0.04982000,30109.42000000,0.00408000
30117.56000000,0.00049000,1688967174693,30125.00000000,0.04982000,30110.00000000,0.04981000
30117.56000000,0.00049000,1688967175232,30129.94000000,0.03254000,30110.03000000,0.02000000
30117.56000000,0.00049000,1688967176208,30129.94000000,0.03254000,30110.05000000,0.00800000
30117.56000000,0.00049000,1688967177329,30129.92000000,0.02991000,30110.05000000,0.00800000
30117.56000000,0.00049000,1688967178286,30129.90000000,0.03707000,30110.03000000,0.02800000
30117.56000000,0.00049000,1688967179210,30129.90000000,0.03707000,30110.05000000,0.00800000
30117.56000000,0.00049000,1688967180392,30129.88000000,0.02562000,30110.05000000,0.00800000
30129.88000000,0.00006000,1688967182466,30129.88000000,0.02556000,30110.05000000,0.00800000
30110.05000000,0.00049000,1688967184434,30129.88000000,0.02556000,30110.05000000,0.00751000
30110.04000000,0.01529000,1688967185357,30129.86000000,0.02600000,30110.04000000,0.00471000
30110.04000000,0.01529000,1688967186416,30129.83000000,0.00800000,30110.04000000,0.00471000
30110.04000000,0.01529000,1688967186641,30129.84000000,0.02540000,30110.04000000,0.00471000
30110.04000000,0.01529000,1688967188384,30129.85000000,0.04088000,30110.04000000,0.00471000
30110.04000000,0.01529000,1688967189000,30129.83000000,0.03488000,30110.04000000,0.00471000
30110.04000000,0.01529000,1688967190441,30129.81000000,0.02494000,30110.04000000,0.00471000
30110.04000000,0.01529000,1688967191405,30129.95000000,0.02600000,30110.04000000,0.00471000
30110.04000000,0.01529000,1688967192319,30124.99000000,0.00800000,30110.04000000,0.00471000
30110.04000000,0.01529000,1688967192820,30126.69000000,0.00800000,30110.04000000,0.00471000
30110.04000000,0.01529000,1688967193720,30126.69000000,0.00800000,30110.25000000,0.00800000
30110.04000000,0.01529000,1688967195122,30126.69000000,0.00800000,30115.01000000,0.02800000
30110.04000000,0.01529000,1688967196123,30126.69000000,0.00800000,30115.03000000,0.00800000
30110.04000000,0.01529000,1688967197623,30126.69000000,0.00800000,30115.01000000,0.02000000
30110.04000000,0.01529000,1688967198623,30126.69000000,0.00800000,30115.03000000,0.00800000
30126.69000000,0.00279000,1688967202231,30126.69000000,0.00521000,30115.03000000,0.00800000
30126.69000000,0.00279000,1688967202278,30126.69000000,0.00550000,30115.03000000,0.00800000
30126.69000000,0.00309000,1688967207505,30126.69000000,0.00520000,30115.03000000,0.00800000
30126.69000000,0.00309000,1688967207562,30126.69000000,0.00500000,30115.03000000,0.00800000
30126.69000000,0.00309000,1688967211023,30126.69000000,0.00500000,30120.00000000,0.04980000
30126.69000000,0.00309000,1688967212015,30130.49000000,0.00500000,30120.01000000,0.00800000
30130.49000000,0.00300000,1688967213140,30130.49000000,0.00200000,30120.01000000,0.00800000
30130.49000000,0.00300000,1688967214138,30129.97000000,0.00200000,30115.01000000,0.00800000
30130.49000000,0.00300000,1688967214462,30129.94000000,0.03179000,30115.01000000,0.00800000
30130.49000000,0.00300000,1688967216136,30129.94000000,0.00200000,30115.01000000,0.00800000
30130.49000000,0.00300000,1688967216498,30129.91000000,0.03467000,30115.01000000,0.00800000
30130.49000000,0.00300000,1688967218137,30129.88000000,0.00200000,30115.01000000,0.00800000
30130.49000000,0.00300000,1688967218411,30129.89000000,0.02953000,30115.01000000,0.00800000
30130.49000000,0.00300000,1688967220010,30130.49000000,0.03152000,30115.01000000,0.00800000
30130.49000000,0.00300000,1688967220714,30130.46000000,0.03046000,30115.01000000,0.00800000
30130.49000000,0.00300000,1688967222108,30130.44000000,0.03751000,30115.01000000,0.00800000
30130.49000000,0.00300000,1688967222604,30130.44000000,0.03434000,30115.01000000,0.00800000
30130.49000000,0.00300000,1688967224071,30130.42000000,0.03839000,30115.01000000,0.00800000
30130.49000000,0.00300000,1688967224409,30130.40000000,0.03253000,30115.01000000,0.00800000
30130.49000000,0.00300000,1688967226202,30130.39000000,0.02600000,30115.01000000,0.00800000
30130.49000000,0.00300000,1688967226537,30130.38000000,0.02588000,30115.01000000,0.00800000
30130.49000000,0.00300000,1688967228145,30130.37000000,0.00200000,30115.01000000,0.00800000
30130.49000000,0.00300000,1688967228400,30130.37000000,0.02824000,30115.01000000,0.00800000
30130.49000000,0.00300000,1688967230218,30130.37000000,0.02643000,30115.01000000,0.00800000
30130.49000000,0.00300000,1688967231106,30130.36000000,0.02839000,30120.00000000,0.04980000
30130.49000000,0.00300000,1688967232149,30130.35000000,0.00200000,30120.01000000,0.00800000
30130.49000000,0.00300000,1688967232447,30130.35000000,0.02513000,30120.01000000,0.00800000
30130.49000000,0.00300000,1688967234211,30130.34000000,0.02600000,30120.01000000,0.00800000
30130.49000000,0.00300000,1688967234681,30130.33000000,0.02531000,30120.01000000,0.00800000
30130.33000000,0.00006000,1688967241680,30130.33000000,0.02525000,30120.01000000,0.00800000
30130.33000000,0.00006000,1688967242654,30130.50000000,0.00394000,30120.01000000,0.00800000
30130.50000000,0.00199000,1688967248218,30130.50000000,0.00195000,30120.01000000,0.00800000
30130.50000000,0.00199000,1688967258460,30130.50000000,0.00195000,30125.00000000,0.04979000
30130.50000000,0.00199000,1688967258695,30130.50000000,0.00195000,30123.50000000,0.02000000
30130.50000000,0.00199000,1688967260011,30130.50000000,0.00195000,30123.51000000,0.00800000
30130.50000000,0.00199000,1688967261130,30130.50000000,0.00195000,30125.00000000,0.04979000
30130.50000000,0.00199000,1688967262021,30130.50000000,0.00195000,30123.51000000,0.00800000
30130.50000000,0.00199000,1688967264169,30130.50000000,0.00195000,30120.00000000,0.04979000
30130.50000000,0.00199000,1688967264711,30130.50000000,0.00195000,30120.03000000,0.02000000
30130.50000000,0.00199000,1688967266007,30130.50000000,0.00195000,30120.01000000,0.00800000
30130.50000000,0.00199000,1688967267483,30130.50000000,0.00195000,30125.00000000,0.04979000
30130.50000000,0.00199000,1688967268237,30130.50000000,0.00195000,30125.00000000,0.04979000
30130.50000000,0.00199000,1688967269555,30130.50000000,0.00195000,30123.83000000,0.02000000
30130.50000000,0.00199000,1688967270009,30130.50000000,0.00195000,30123.84000000,0.00800000
30130.50000000,0.00199000,1688967271751,30130.50000000,0.00195000,30123.83000000,0.02000000
30130.50000000,0.00199000,1688967272223,30130.50000000,0.00195000,30123.83000000,0.02000000
30130.50000000,0.00199000,1688967274014,30130.50000000,0.00195000,30123.84000000,0.00800000
30130.50000000,0.00199000,1688967276188,30130.50000000,0.00195000,30123.83000000,0.02000000
30130.50000000,0.00199000,1688967276197,30130.50000000,0.00195000,30123.84000000,0.00800000
30130.50000000,0.00199000,1688967289188,30130.50000000,0.00195000,30123.83000000,0.02000000
30130.50000000,0.00392000,1688967289771,30130.50000000,0.00002000,30123.84000000,0.00800000
30130.50000000,0.00392000,1688967290588,30130.50000000,0.00002000,30120.01000000,0.00800000
30130.50000000,0.00392000,1688967296747,30130.50000000,0.00002000,30120.02000000,0.07593000
30130.50000000,0.00392000,1688967297690,30130.50000000,0.00002000,30125.00000000,0.04979000
30130.50000000,0.00392000,1688967297794,30130.50000000,0.00002000,30125.01000000,0.00800000
30139.97000000,0.00004000,1688967302274,30139.97000000,0.00196000,30125.01000000,0.00800000
30139.97000000,0.00004000,1688967302352,30139.96000000,0.02760000,30125.01000000,0.00800000
30139.96000000,0.00740000,1688967304262,30139.96000000,0.00200000,30125.01000000,0.00800000
30139.96000000,0.00740000,1688967305077,30139.96000000,0.02400000,30125.01000000,0.00800000
30139.96000000,0.00740000,1688967306200,30139.95000000,0.00200000,30125.01000000,0.00800000
30139.96000000,0.00740000,1688967306608,30139.96000000,0.02750000,30125.01000000,0.00800000
30139.96000000,0.00740000,1688967307632,30139.96000000,0.00200000,30125.01000000,0.00800000
30139.96000000,0.00740000,1688967309208,30139.95000000,0.02600000,30125.01000000,0.00800000
30139.96000000,0.00740000,1688967310298,30139.94000000,0.02627000,30125.01000000,0.00800000
30139.96000000,0.00740000,1688967311302,30139.92000000,0.00200000,30125.01000000,0.00800000
30139.96000000,0.00740000,1688967312249,30139.92000000,0.00200000,30120.01000000,0.02000000
30139.96000000,0.00740000,1688967313224,30139.91000000,0.02600000,30120.01000000,0.02000000
30139.96000000,0.00740000,1688967314319,30139.88000000,0.00200000,30125.01000000,0.00800000
30139.96000000,0.00740000,1688967315311,30139.90000000,0.02782000,30125.01000000,0.00800000
30139.96000000,0.00740000,1688967316306,30139.88000000,0.00200000,30125.01000000,0.00800000
30139.96000000,0.00740000,1688967317252,30139.86000000,0.03131000,30125.01000000,0.00800000
30139.96000000,0.00740000,1688967318313,30139.85000000,0.00200000,30125.01000000,0.00800000
30139.96000000,0.00740000,1688967319266,30139.87000000,0.02972000,30125.01000000,0.00800000
30139.96000000,0.00740000,1688967320279,30139.85000000,0.02631000,30125.01000000,0.00800000
30139.96000000,0.00740000,1688967320830,30139.85000000,0.03735000,30125.01000000,0.00800000
30139.96000000,0.00740000,1688967321785,30139.83000000,0.03329000,30125.01000000,0.00800000
30139.96000000,0.00740000,1688967322943,30139.80000000,0.02959000,30125.01000000,0.00800000
30139.96000000,0.00740000,1688967324312,30139.80000000,0.00200000,30125.01000000,0.00800000
30139.96000000,0.00740000,1688967324816,30139.79000000,0.02655000,30125.01000000,0.00800000
30139.96000000,0.00740000,1688967326314,30139.78000000,0.00200000,30125.01000000,0.00800000
30139.96000000,0.00740000,1688967326487,30139.79000000,0.02632000,30125.01000000,0.00800000
30139.96000000,0.00740000,1688967328337,30139.78000000,0.03138000,30125.01000000,0.00800000
30139.96000000,0.00740000,1688967328878,30139.77000000,0.02808000,30125.01000000,0.00800000
30139.96000000,0.00740000,1688967330398,30139.73000000,0.03538000,30130.01000000,0.00800000
30139.96000000,0.00740000,1688967330449,30139.71000000,0.03340000,30125.01000000,0.00800000
30139.96000000,0.00740000,1688967332393,30139.71000000,0.03135000,30125.01000000,0.00800000
30139.96000000,0.00740000,1688967333151,30139.69000000,0.02970000,30125.01000000,0.00800000
30139.96000000,0.00740000,1688967334322,30139.69000000,0.00200000,30125.01000000,0.00800000
30139.96000000,0.00740000,1688967335143,30139.66000000,0.03670000,30125.01000000,0.00800000
30139.96000000,0.00740000,1688967336397,30139.60000000,0.03103000,30125.01000000,0.00800000
30139.96000000,0.00740000,1688967336551,30139.64000000,0.02781000,30125.01000000,0.00800000
30139.96000000,0.00740000,1688967338141,30139.67000000,0.02711000,30125.01000000,0.00800000
30139.96000000,0.00740000,1688967339974,30139.67000000,0.00200000,30125.01000000,0.00800000
30139.96000000,0.00740000,1688967342712,30139.66000000,0.03159000,30125.01000000,0.00800000
30139.96000000,0.00740000,1688967343636,30139.66000000,0.02600000,30123.10000000,0.00800000
30139.96000000,0.00740000,1688967344552,30139.62000000,0.03130000,30125.01000000,0.00800000
30139.96000000,0.00740000,1688967346012,30139.61000000,0.00200000,30125.01000000,0.00800000
30139.96000000,0.00740000,1688967346505,30139.59000000,0.02724000,30125.01000000,0.00800000
30139.96000000,0.00740000,1688967348006,30139.58000000,0.00200000,30125.01000000,0.00800000
30139.96000000,0.00740000,1688967348929,30139.58000000,0.00200000,30125.01000000,0.00800000
30139.96000000,0.00740000,1688967350004,30139.58000000,0.02847000,30125.01000000,0.00800000
30139.96000000,0.00740000,1688967350593,30139.58000000,0.02608000,30125.01000000,0.00800000
30139.96000000,0.00740000,1688967352894,30139.58000000,0.00200000,30125.01000000,0.00800000
30139.96000000,0.00740000,1688967353891,30139.55000000,0.02665000,30125.01000000,0.00800000
30139.96000000,0.00740000,1688967354844,30139.56000000,0.02720000,30125.01000000,0.00800000
30139.96000000,0.00740000,1688967355581,30139.54000000,0.03492000,30125.01000000,0.00800000
30139.96000000,0.00740000,1688967356790,30130.00000000,0.04978000,30115.00000000,0.04978000
30139.96000000,0.00740000,1688967357782,30129.98000000,0.03620000,30115.00000000,0.04978000
30139.96000000,0.00740000,1688967358228,30129.96000000,0.03019000,30115.01000000,0.00800000
30139.96000000,0.00740000,1688967359557,30129.94000000,0.02777000,30115.01000000,0.00800000
30129.91000000,0.00046000,1688967360917,30129.99000000,0.02600000,30110.00000000,0.04978000
30129.98000000,0.00006000,1688967361813,30129.97000000,0.02304000,30115.00000000,0.04680000
30129.96000000,0.00059000,1688967362714,30129.97000000,0.03672000,30115.01000000,0.00800000
30129.96000000,0.00059000,1688967363333,30129.95000000,0.02692000,30115.01000000,0.00800000
30129.96000000,0.00059000,1688967364428,30129.87000000,0.03130000,30115.01000000,0.00800000
30129.96000000,0.00059000,1688967365896,30129.85000000,0.02302000,30115.01000000,0.00800000
30129.96000000,0.00059000,1688967366916,30129.82000000,0.02548000,30115.01000000,0.00800000
30129.96000000,0.00059000,1688967367695,30124.96000000,0.03439000,30110.00000000,0.04980000
30129.96000000,0.00059000,1688967368553,30124.96000000,0.03175000,30110.01000000,0.00800000
30129.96000000,0.00059000,1688967369612,30124.94000000,0.03693000,30110.01000000,0.00800000
30129.96000000,0.00059000,1688967370508,30124.94000000,0.03512000,30110.01000000,0.00800000
30115.00000000,0.02417000,1688967371945,30124.89000000,0.02659000,30110.01000000,0.00800000
30115.00000000,0.02417000,1688967372587,30124.91000000,0.02387000,30110.01000000,0.00800000
30115.00000000,0.02417000,1688967374010,30124.90000000,0.00100000,30110.01000000,0.00800000
30115.00000000,0.02417000,1688967374708,30124.92000000,0.02574000,30110.01000000,0.00800000
30115.00000000,0.02417000,1688967377850,30124.92000000,0.02574000,30115.00000000,0.04980000
30115.00000000,0.02417000,1688967378453,30124.92000000,0.02574000,30110.01000000,0.00800000
30115.00000000,0.02417000,1688967379831,30124.92000000,0.02574000,30110.01000000,0.00800000
30115.00000000,0.02417000,1688967380052,30124.92000000,0.02574000,30115.01000000,0.00800000
30115.00000000,0.02417000,1688967381454,30124.90000000,0.00100000,30115.01000000,0.00800000
30124.90000000,0.00049000,1688967383463,30124.90000000,0.00051000,30115.01000000,0.00800000
30124.90000000,0.00049000,1688967383521,30124.90000000,0.00050000,30115.01000000,0.00800000
30124.90000000,0.00049000,1688967387471,30120.00000000,0.04980000,30115.01000000,0.00800000
30124.90000000,0.00049000,1688967388473,30120.81000000,0.02600000,30105.00000000,0.04981000
30124.90000000,0.00049000,1688967389160,30120.80000000,0.02642000,30103.43000000,0.00010000
30124.90000000,0.00049000,1688967390431,30119.99000000,0.03067000,30103.43000000,0.00010000
30124.90000000,0.00049000,1688967391201,30119.97000000,0.02576000,30103.43000000,0.00010000
30124.90000000,0.00049000,1688967392400,30119.97000000,0.00050000,30103.43000000,0.00010000
30102.14000000,0.00745000,1688967392745,30119.95000000,0.02578000,30102.14000000,0.00976000
30102.14000000,0.00745000,1688967394426,30119.96000000,0.02600000,30102.14000000,0.00976000
30102.14000000,0.00745000,1688967395282,30119.93000000,0.03541000,30102.14000000,0.00976000
30102.14000000,0.00745000,1688967396451,30119.89000000,0.03704000,30102.14000000,0.00976000
30102.14000000,0.00745000,1688967397537,30119.89000000,0.03704000,30105.00000000,0.04982000
30102.14000000,0.00745000,1688967398513,30119.87000000,0.00050000,30105.00000000,0.04981000
30102.14000000,0.00745000,1688967399335,30124.98000000,0.03785000,30105.00000000,0.04981000
30102.14000000,0.00745000,1688967400505,30124.96000000,0.00050000,30105.01000000,0.00800000
30102.14000000,0.00745000,1688967401011,30124.91000000,0.03093000,30110.00000000,0.04981000
30102.14000000,0.00745000,1688967402008,30124.90000000,0.02650000,30105.01000000,0.00800000
30102.14000000,0.00745000,1688967403046,30124.85000000,0.02728000,30105.01000000,0.00800000
30102.14000000,0.00745000,1688967404478,30124.85000000,0.00050000,30105.01000000,0.00800000
30102.14000000,0.00745000,1688967405456,30124.96000000,0.03340000,30110.01000000,0.00800000
30102.14000000,0.00745000,1688967406574,30124.94000000,0.03367000,30110.01000000,0.00800000
30124.94000000,0.00050000,1688967406933,30124.94000000,0.03317000,30110.01000000,0.00800000
30124.94000000,0.00050000,1688967408010,30124.90000000,0.03377000,30110.02000000,0.02502000
30124.94000000,0.00050000,1688967408787,30124.88000000,0.02492000,30110.02000000,0.02502000
30124.94000000,0.00050000,1688967410020,30124.90000000,0.02332000,30110.02000000,0.02502000
30124.94000000,0.00050000,1688967412056,30124.90000000,0.02332000,30110.02000000,0.01702000
30124.94000000,0.00050000,1688967412075,30124.90000000,0.02332000,30110.02000000,0.02502000
30124.94000000,0.00050000,1688967414006,30124.90000000,0.02332000,30110.03000000,0.00800000
30115.00000000,0.01701000,1688967415045,30119.97000000,0.02600000,30102.14000000,0.00976000
30115.00000000,0.01701000,1688967415161,30119.96000000,0.03670000,30102.14000000,0.00976000
30115.00000000,0.01701000,1688967417046,30119.95000000,0.02600000,30102.14000000,0.00976000
30115.00000000,0.01701000,1688967417284,30119.94000000,0.02808000,30102.14000000,0.00976000
30115.00000000,0.01701000,1688967418177,30119.94000000,0.02808000,30105.01000000,0.00800000
30115.00000000,0.01701000,1688967420313,30115.00000000,0.04981000,30105.01000000,0.00800000
30115.00000000,0.01701000,1688967420405,30114.98000000,0.03463000,30102.14000000,0.00976000
30114.96000000,0.00006000,1688967422013,30114.96000000,0.02958000,30105.01000000,0.00800000
30114.96000000,0.00006000,1688967422703,30114.94000000,0.02900000,30105.01000000,0.00800000
30114.96000000,0.00006000,1688967423676,30114.94000000,0.03702000,30102.14000000,0.00976000
30114.96000000,0.00006000,1688967424568,30114.92000000,0.03224000,30102.14000000,0.00976000
30114.96000000,0.00006000,1688967425562,30114.90000000,0.03107000,30102.14000000,0.00976000
30114.96000000,0.00006000,1688967427323,30114.87000000,0.02600000,30105.01000000,0.00800000
30114.96000000,0.00006000,1688967427657,30114.86000000,0.03352000,30105.01000000,0.00800000
30114.96000000,0.00006000,1688967428926,30114.84000000,0.03461000,30105.01000000,0.00800000
30114.96000000,0.00006000,1688967429992,30114.82000000,0.02601000,30105.01000000,0.00800000
30114.96000000,0.00006000,1688967431787,30114.85000000,0.02600000,30105.01000000,0.00800000
30114.96000000,0.00006000,1688967432767,30114.83000000,0.02600000,30105.01000000,0.00800000
30114.82000000,0.00049000,1688967433664,30114.82000000,0.02264000,30105.01000000,0.00800000
30114.82000000,0.00049000,1688967437651,30114.82000000,0.02264000,30110.00000000,0.04982000
30110.00000000,0.04341000,1688967437690,30114.82000000,0.02264000,30102.14000000,0.00976000
30110.00000000,0.04341000,1688967439361,30114.82000000,0.02802000,30102.14000000,0.00976000
30110.00000000,0.04341000,1688967444823,30114.83000000,0.02600000,30102.14000000,0.00976000
30110.00000000,0.04341000,1688967445363,30129.97000000,0.02428000,30104.31000000,0.02000000
30110.00000000,0.04341000,1688967446497,30129.95000000,0.02316000,30104.35000000,0.06226000
30110.00000000,0.04341000,1688967447366,30124.99000000,0.02879000,30104.36000000,0.02000000
30110.00000000,0.04341000,1688967448025,30124.97000000,0.02494000,30104.37000000,0.00800000
30110.00000000,0.04341000,1688967451926,30124.97000000,0.02494000,30104.40000000,0.05426000
30110.00000000,0.04341000,1688967452603,30124.98000000,0.02600000,30107.44000000,0.06226000
30110.00000000,0.04341000,1688967453082,30124.98000000,0.02600000,30109.55000000,0.05426000
30110.00000000,0.04341000,1688967454303,30124.98000000,0.02600000,30109.57000000,0.00800000
30110.00000000,0.04341000,1688967455604,30124.98000000,0.02600000,30109.57000000,0.00800000
30110.00000000,0.04341000,1688967456105,30124.98000000,0.02600000,30109.55000000,0.06226000
30110.00000000,0.04341000,1688967457404,30124.98000000,0.02600000,30109.57000000,0.00800000
30110.00000000,0.04341000,1688967459406,30124.98000000,0.02600000,30107.44000000,0.05426000
30110.00000000,0.04341000,1688967460005,30124.98000000,0.02600000,30108.23000000,0.06226000
30110.00000000,0.04341000,1688967460607,30124.98000000,0.02600000,30108.35000000,0.00800000
30110.00000000,0.04341000,1688967462208,30124.98000000,0.02600000,30108.35000000,0.00800000
30110.00000000,0.04341000,1688967463309,30124.98000000,0.02600000,30108.35000000,0.00800000
30110.00000000,0.04341000,1688967464010,30124.98000000,0.02600000,30108.37000000,0.00800000
30110.00000000,0.04341000,1688967464510,30124.98000000,0.02600000,30108.35000000,0.00800000
30110.00000000,0.04341000,1688967466311,30124.98000000,0.02600000,30108.35000000,0.00800000
30110.00000000,0.04341000,1688967467312,30124.98000000,0.02600000,30108.35000000,0.00800000
30110.00000000,0.04341000,1688967467812,30124.98000000,0.02600000,30108.37000000,0.00800000
30110.00000000,0.04341000,1688967469213,30124.98000000,0.02600000,30108.37000000,0.00800000
30110.00000000,0.04341000,1688967470314,30124.98000000,0.02600000,30107.53000000,0.00800000
30110.00000000,0.04341000,1688967471467,30124.98000000,0.02600000,30107.54000000,0.07593000
30110.00000000,0.04341000,1688967472469,30129.95000000,0.02600000,30112.02000000,0.02000000
30110.00000000,0.04341000,1688967473473,30129.95000000,0.02600000,30113.01000000,0.05426000
30110.00000000,0.04341000,1688967474005,30129.95000000,0.02600000,30113.03000000,0.00800000
30110.00000000,0.04341000,1688967480564,30129.94000000,0.03281000,30113.03000000,0.00800000
30110.00000000,0.04341000,1688967481321,30129.92000000,0.02372000,30109.81000000,0.00408000
30129.92000000,0.00006000,1688967482473,30129.92000000,0.02617000,30109.92000000,0.02800000
30129.92000000,0.00006000,1688967483428,30129.92000000,0.02617000,30109.95000000,0.07593000
30129.92000000,0.00006000,1688967484526,30129.92000000,0.02617000,30110.05000000,0.00800000
30129.92000000,0.00006000,1688967485425,30129.92000000,0.02617000,30110.05000000,0.00800000
30129.92000000,0.00006000,1688967486005,30129.92000000,0.02617000,30110.07000000,0.00800000
30129.92000000,0.00006000,1688967487326,30129.92000000,0.02617000,30110.09000000,0.00800000
30129.92000000,0.00006000,1688967488527,30129.92000000,0.02617000,30110.05000000,0.00800000
30129.92000000,0.00006000,1688967489616,30129.92000000,0.02617000,30110.06000000,0.07593000
30129.92000000,0.00006000,1688967490529,30129.92000000,0.02617000,30110.05000000,0.00800000
30129.92000000,0.00006000,1688967491428,30121.74000000,0.02451000,30105.63000000,0.00409000
30129.92000000,0.00006000,1688967496712,30120.00000000,0.04981000,30105.63000000,0.00409000
30129.92000000,0.00006000,1688967497534,30119.98000000,0.03613000,30102.15000000,0.00408000
30129.92000000,0.00006000,1688967498431,30119.96000000,0.02500000,30102.15000000,0.00408000
30119.96000000,0.00409000,1688967500873,30119.96000000,0.02091000,30102.15000000,0.00408000
30119.96000000,0.00652000,1688967501636,30119.96000000,0.01848000,30102.14000000,0.00976000
30119.96000000,0.00652000,1688967509478,30119.97000000,0.02600000,30102.14000000,0.00976000
30119.96000000,0.00652000,1688967509942,30119.94000000,0.02556000,30102.35000000,0.00800000
30119.96000000,0.00652000,1688967512248,30119.94000000,0.02556000,30102.36000000,0.07593000
30119.96000000,0.00652000,1688967512904,30122.57000000,0.02595000,30104.60000000,0.00800000
30119.96000000,0.00652000,1688967515391,30122.57000000,0.02595000,30104.61000000,0.07593000
30119.96000000,0.00652000,1688967515445,30122.57000000,0.02595000,30105.69000000,0.02800000
30119.96000000,0.00652000,1688967516447,30122.57000000,0.02595000,30106.10000000,0.05683000
30119.96000000,0.00652000,1688967518345,30122.57000000,0.02595000,30106.14000000,0.00188000
30119.96000000,0.00652000,1688967522947,30122.57000000,0.02595000,30106.15000000,0.00189000
30119.96000000,0.00652000,1688967523049,30122.57000000,0.02595000,30106.16000000,0.00281000
30119.96000000,0.00652000,1688967525533,30122.57000000,0.02595000,30106.17000000,0.00189000
30119.96000000,0.00652000,1688967525601,30122.57000000,0.02595000,30106.17000000,0.00189000
30119.96000000,0.00652000,1688967527552,30122.57000000,0.02595000,30106.18000000,0.00281000
30119.96000000,0.00652000,1688967527759,30122.57000000,0.02595000,30106.17000000,0.00189000
30122.57000000,0.00807000,1688967528702,30122.57000000,0.01788000,30106.17000000,0.00189000
30122.57000000,0.00807000,1688967530406,30122.57000000,0.01788000,30106.17000000,0.00189000
30122.57000000,0.00807000,1688967532456,30122.57000000,0.01788000,30106.18000000,0.00278000
30122.57000000,0.00807000,1688967532466,30122.57000000,0.01788000,30106.17000000,0.00189000
30122.57000000,0.00807000,1688967534756,30122.57000000,0.01788000,30106.18000000,0.00281000
30122.57000000,0.00807000,1688967535017,30122.57000000,0.01788000,30106.19000000,0.00189000
30122.57000000,0.00807000,1688967536116,30122.57000000,0.02473000,30106.19000000,0.00189000
30122.57000000,0.00996000,1688967537582,30122.57000000,0.02284000,30106.19000000,0.00189000
30122.57000000,0.00996000,1688967537922,30122.57000000,0.02284000,30106.11000000,0.00800000
30122.57000000,0.00996000,1688967540156,30122.57000000,0.02284000,30106.12000000,0.03156000
30122.57000000,0.00996000,1688967540760,30122.57000000,0.02284000,30106.14000000,0.04017000
30122.57000000,0.00996000,1688967541664,30122.57000000,0.02284000,30106.16000000,0.03924000
30122.57000000,0.01002000,1688967542675,30122.57000000,0.02278000,30106.19000000,0.03124000
30106.19000000,0.00049000,1688967544009,30122.57000000,0.02278000,30106.21000000,0.03863000
30106.19000000,0.00049000,1688967544566,30122.57000000,0.02278000,30106.23000000,0.03832000
30106.19000000,0.00049000,1688967545767,30122.57000000,0.02278000,30106.26000000,0.02800000
30106.19000000,0.00049000,1688967546826,30122.57000000,0.02278000,30106.29000000,0.00724000
30106.19000000,0.00049000,1688967548667,30122.57000000,0.02278000,30106.30000000,0.03063000
30106.19000000,0.00049000,1688967549667,30122.57000000,0.02278000,30106.32000000,0.03032000
30106.19000000,0.00049000,1688967550593,30122.57000000,0.02278000,30106.33000000,0.02000000
30122.57000000,0.00328000,1688967551668,30122.57000000,0.01950000,30106.37000000,0.03063000
30122.57000000,0.00328000,1688967552669,30122.57000000,0.01950000,30106.41000000,0.03063000
30122.57000000,0.00328000,1688967553670,30122.57000000,0.01950000,30106.43000000,0.03032000
30122.57000000,0.00328000,1688967554673,30122.57000000,0.01950000,30106.46000000,0.03863000
30122.57000000,0.00328000,1688967555671,30122.57000000,0.01950000,30106.48000000,0.03032000
30122.57000000,0.00328000,1688967556263,30122.57000000,0.02883000,30106.48000000,0.03832000
30122.57000000,0.00328000,1688967557500,30122.55000000,0.02512000,30106.50000000,0.03032000
30122.55000000,0.00327000,1688967558279,30122.55000000,0.02185000,30106.50000000,0.03063000
30122.55000000,0.00327000,1688967559156,30122.55000000,0.02185000,30103.34000000,0.00800000
