last,lastSz,ts,askPx,askSz,bidPx,bidSz
1860.67,0.02133478,1688965511340,1860.67,1.04603514,1860.66,3.14421420
1860.67,0.00314254,1688965517463,1860.67,1.04289260,1860.66,2.68867110
1860.67,0.00016954,1688965521416,1860.67,1.04272306,1860.66,1.91356422
1860.67,0.04272306,1688965530350,1860.67,1.51026348,1860.66,1.91496157
1860.67,0.00965907,1688965530350,1860.67,1.50060441,1860.66,1.91496157
1860.67,0.00569311,1688965532016,1860.67,1.49491130,1860.66,1.91496157
1860.67,0.2,1688965533880,1860.67,1.29491130,1860.66,1.91496157
1860.66,0.00248093,1688965534303,1860.67,1.29491130,1860.66,1.91248064
1860.67,0.02409982,1688965534894,1860.67,1.27081148,1860.66,1.91248064
1860.67,0.00787378,1688965535231,1860.67,1.26293770,1860.66,1.91248064
1860.67,0.00011659,1688965536062,1860.67,1.26282111,1860.66,1.91248064
1860.67,0.00053475,1688965537872,1860.67,1.42351936,1860.66,1.91248064
1860.67,0.07674526,1688965541729,1860.67,1.34677410,1860.66,1.91248064
1860.67,0.00037078,1688965545443,1860.67,1.51986141,1860.66,1.91248064
1860.67,0.57995238,1688965546088,1860.67,0.93990903,1860.66,1.58248064
1860.67,0.01334469,1688965546265,1860.67,0.72654325,1860.66,1.58248064
1860.67,0.00000537,1688965546295,1860.67,0.72653788,1860.66,1.58248064
1860.67,0.01632454,1688965549505,1860.67,0.78284462,1860.66,1.58248064
1860.67,0.06527986,1688965549863,1860.67,0.64493348,1860.66,1.58248064
1860.67,0.066446,1688965549863,1860.67,0.57848748,1860.66,1.58248064
1860.67,0.00845659,1688965550294,1860.67,0.57003089,1860.66,1.58248064
1860.67,0.01756351,1688965550645,1860.67,2.31738981,1860.66,1.58248064
1860.67,0.02038621,1688965551455,1860.67,0.11428379,1860.66,1.65327422
1860.66,0.03256909,1688965559488,1860.67,0.11428379,1860.66,1.97672886
1860.67,0.01121148,1688965560070,1860.67,1.10307231,1860.66,1.97672886
1860.67,0.0095772,1688965561642,1860.67,1.09349511,1860.66,4.45068683
1860.67,0.03743275,1688965563072,1860.67,1.35916536,1860.66,4.40885509
1860.67,0.02536912,1688965565221,1860.67,1.80720972,1860.66,3.98203778
1860.67,0.01785717,1688965565411,1860.67,1.78935255,1860.66,3.98203778
1860.67,0.01283607,1688965565761,1860.67,1.77651648,1860.66,3.98203778
1860.67,0.00685571,1688965565761,1860.67,1.76966077,1860.66,3.98203778
1860.67,0.00989829,1688965566375,1860.67,1.75976248,1860.66,3.98203778
1860.66,0.0506704,1688965569818,1860.67,1.61208900,1860.66,4.54823257
1860.67,0.39318509,1688965573252,1860.67,1.77737175,1860.66,3.93136738
1860.67,0.01005426,1688965574669,1860.67,1.72205872,1860.66,3.93136738
1860.66,0.02685652,1688965580353,1860.67,1.37268629,1860.66,3.59574386
1860.67,0.02567352,1688965580970,1860.67,1.02194313,1860.66,4.58312687
1860.67,0.10678573,1688965583798,1860.67,0.91515740,1860.66,4.10910819
1860.67,0.05161576,1688965584249,1860.67,0.86354164,1860.66,4.10910819
1860.67,0.00246879,1688965588168,1860.67,1.02230585,1860.66,4.89910819
1860.67,0.03850761,1688965588730,1860.67,0.98379824,1860.66,4.89910819
1860.67,0.35495524,1688965594744,1860.67,0.46761000,1860.66,11.37001593
1860.67,0.14187,1688965594744,1860.67,0.32574000,1860.66,11.37001593
1860.67,0.32574,1688965594744,1860.69,0.16123300,1860.66,11.37001593
1860.69,0.161233,1688965594744,1860.70,0.13436100,1860.66,11.37001593
1860.7,0.134361,1688965594744,1860.72,0.16123300,1860.66,11.37001593
1860.72,0.161233,1688965594744,1860.73,1.16797858,1860.66,11.37001593
1860.73,1.16797858,1688965594744,1860.74,0.60300000,1860.66,11.37001593
1860.74,0.603,1688965594744,1860.75,1.34363092,1860.66,11.37001593
1860.75,1.34363092,1688965594744,1860.77,0.49924516,1860.66,11.37001593
1860.77,0.33801216,1688965594744,1860.77,0.16123300,1860.66,11.37001593
1860.77,0.161233,1688965594754,1860.79,0.80610950,1860.66,11.68706135
1860.79,0.144867,1688965594754,1860.79,0.66124250,1860.66,11.68706135
1860.79,0.5,1688965594755,1860.79,0.16124250,1860.71,1.55206000
1861.11,0.00620101,1688965595656,1861.11,0.15499699,1861.00,0.16119900
1861.07,0.30669,1688965600585,1861.08,0.06954972,1861.07,0.45634813
1861.07,0.134328,1688965600585,1861.08,0.06954972,1861.07,0.32202013
1861.07,0.16082713,1688965600585,1861.08,0.06954972,1861.07,0.16119300
1861.07,0.161193,1688965600585,1861.08,0.06954972,1861.04,0.16119600
1861.04,0.161196,1688965600585,1861.08,0.06954972,1861.00,0.02526128
1861,0.02526128,1688965600585,1861.08,0.06954972,1860.94,0.38686500
1860.94,0.386865,1688965600585,1861.08,0.06954972,1860.93,0.22964550
1860.93,0.2296455,1688965600585,1861.08,0.06954972,1860.92,0.92191182
1860.92,0.92191182,1688965600585,1861.08,0.06954972,1860.89,0.48856531
1860.89,0.03182811,1688965600585,1861.08,0.06954972,1860.89,0.45673720
1861.05,0.0040113,1688965600756,1861.05,0.15719370,1860.90,0.40000000
1861.08,0.06954972,1688965604572,1861.15,0.13433000,1861.07,0.21411000
1861.15,0.06481247,1688965604572,1861.15,0.06951753,1861.07,0.21411000
1861.2,0.00534754,1688965604668,1861.20,0.31169788,1861.08,0.45671600
1861.13,0.11702631,1688965605193,1861.13,0.04417169,1861.09,0.16119200
1861.03,0.01749133,1688965605833,1861.16,0.16119800,1861.03,0.11683967
1861.02,0.01101377,1688965608137,1861.02,0.46723565,1860.96,0.16120300
1860.98,0.00506175,1688965609858,1860.98,0.15614625,1860.91,0.16120900
1860.99,0.04993049,1688965610304,1860.99,0.11127751,1860.91,0.16120900
1860.99,0.00223742,1688965610307,1860.99,0.10904009,1860.91,0.16120900
1860.91,0.00736821,1688965610534,1860.99,0.40512092,1860.91,0.15384079
1860.99,0.02500787,1688965613041,1860.99,0.13620213,1860.87,0.73121000
1860.87,0.01372614,1688965613550,1860.98,0.16121000,1860.87,0.71748386
1860.96,0.16121,1688965615099,1860.98,0.16121000,1860.90,0.13434200
1860.98,0.16121,1688965615099,1861.00,0.03337766,1860.90,0.13434200
1861,0.03337766,1688965615099,1861.01,0.75904542,1860.90,0.13434200
1861.01,0.442,1688965615099,1861.01,0.31704542,1860.90,0.13434200
1861.01,0.31704542,1688965615099,1861.04,0.80604865,1860.90,0.13434200
1861.04,0.80604865,1688965615099,1861.05,1.34341431,1860.90,0.13434200
1861.05,1.34341431,1688965615099,1861.10,0.38690300,1860.90,0.13434200
1861.1,0.386903,1688965615099,1861.11,0.49854833,1860.90,0.13434200
1861.11,0.49854833,1688965615099,1861.13,0.28866702,1860.90,0.13434200
1861.13,0.28866702,1688965615099,1861.15,0.80595470,1860.90,0.13434200
1861.15,0.8059547,1688965615099,1861.16,1.21584321,1860.90,0.13434200
1861.16,0.40443741,1688965615099,1861.16,0.81140580,1860.90,0.13434200
1861.04,0.00481813,1688965615361,1861.04,0.72768187,1860.92,0.32241200
1861.03,0.00479299,1688965615988,1861.03,0.15641201,1860.94,0.13433800
1861.02,0.03228966,1688965616710,1861.02,0.12891834,1860.89,0.29554800
1861.01,0.04482963,1688965618114,1861.01,0.11637837,1860.91,0.31525259
1861.03,0.05160106,1688965618545,1861.03,1.19104581,1860.94,0.16120600
1861.03,0.00058025,1688965620202,1861.03,1.19046556,1860.98,0.16120400
1860.99,0.00825084,1688965620920,1860.99,0.15295816,1860.88,0.16120900
1860.91,0.02442406,1688965622356,1860.99,0.16120900,1860.91,0.27112494
1860.99,0.0016129,1688965626715,1860.99,0.15959710,1860.92,0.13434000
1861.05,0.00213865,1688965630619,1861.05,0.15906535,1860.99,0.28818364
1861.05,0.00534659,1688965633173,1861.05,0.15585641,1860.97,0.16120300
1860.94,0.38366829,1688965636000,1860.94,2.04584295,1860.93,3.21049980
1860.94,0.02566883,1688965636033,1860.94,2.02017412,1860.93,3.21049980
1860.94,0.05160689,1688965636899,1860.94,1.89716024,1860.93,3.21049980
1860.93,0.00408166,1688965639529,1860.94,0.80604425,1860.93,3.34075914
1860.94,0.0255397,1688965641752,1860.94,0.78050455,1860.93,2.56484080
1860.94,0.02566883,1688965644101,1860.94,0.75483572,1860.93,2.56484080
1860.94,0.00102099,1688965645752,1860.98,0.80602974,1860.94,1.86029753
1860.98,0.00000537,1688965645924,1860.98,0.80602437,1860.94,1.91408213
1860.94,0.0748413,1688965648512,1860.94,2.02045761,1860.93,2.48486995
1860.93,0.34785055,1688965650363,1860.94,2.02045761,1860.93,2.13701940
1860.94,0.00157162,1688965650812,1860.94,2.01888599,1860.93,2.13701940
1860.94,0.0045869,1688965651006,1860.94,2.01429909,1860.93,2.13701940
1860.94,0.01497628,1688965651264,1860.94,1.99932281,1860.93,2.13701940
1860.94,0.0256698,1688965652940,1860.94,1.97365301,1860.93,2.13701940
1860.94,0.00481743,1688965653434,1860.94,1.96883558,1860.93,2.13701940
1860.94,0.05357016,1688965654045,1860.94,1.91526542,1860.93,2.13701940
1860.94,0.02526949,1688965654642,1860.94,1.83250994,1860.93,2.13701940
1860.94,0.01756078,1688965654871,1860.94,1.81494916,1860.93,2.13701940
1860.94,0.0267338,1688965655106,1860.94,1.73328669,1860.93,2.13701940
1860.94,0.02766876,1688965655850,1860.94,1.70561793,1860.93,2.13701940
1860.94,0.00802014,1688965658166,1860.94,1.69759779,1860.93,2.13701940
1860.93,0.00032242,1688965667669,1860.94,2.69322749,1860.93,2.35929895
1860.94,0.80604425,1688965667961,1860.94,1.88718324,1860.93,2.35929895
1860.94,0.07941441,1688965667961,1860.94,1.80776883,1860.93,2.35929895
1860.94,0.00989685,1688965671421,1860.94,0.51768874,1860.93,2.35929895
1860.93,0.01216182,1688965673283,1860.94,0.51768874,1860.93,2.50834613
1860.93,0.27052512,1688965674005,1860.94,0.51768874,1860.93,2.07661201
1860.94,0.02926473,1688965676169,1860.94,0.48842401,1860.93,2.07661201
1860.94,0.02022091,1688965677870,1860.94,0.59047344,1860.93,2.07661201
1860.93,0.40253325,1688965678776,1860.94,0.95104616,1860.93,1.67407876
1860.93,0.03586352,1688965680911,1860.94,0.53367781,1860.93,1.63821524
1860.94,0.00855971,1688965681621,1860.94,0.54175436,1860.93,1.65165524
1860.94,0.45964339,1688965684523,1860.94,0.55759444,1860.93,1.65904043
1860.94,0.49691066,1688965684523,1860.94,0.06068378,1860.93,1.65904043
1860.94,0.06068378,1688965684523,1860.96,0.80603662,1860.93,1.65904043
1860.96,0.80603662,1688965684523,1861.07,2.68671380,1860.93,1.65904043
1861.07,0.03830854,1688965685416,1861.07,1.30508772,1861.06,0.57177546
1861.07,0.00267331,1688965685436,1861.07,1.30241441,1861.06,0.57177546
1861.03,0.0004513,1688965694632,1861.03,0.94301222,1861.02,0.12648532
1861.03,0.00062557,1688965695126,1861.03,0.94238665,1861.02,0.12648532
1861.03,0.15346285,1688965696532,1861.03,0.78892380,1861.02,0.12648532
1861.03,0.0356486,1688965696943,1861.03,0.75327520,1861.02,0.12648532
1861.03,0.04405349,1688965700529,1861.03,0.70922171,1861.02,0.12648532
1861.03,0.00544997,1688965700529,1861.03,0.70377174,1861.02,0.12648532
1861.03,0.00832474,1688965701539,1861.03,1.08112293,1861.02,0.12648532
1861.03,0.152057,1688965702938,1861.03,0.92906593,1861.02,0.12648532
1861.03,0.33573755,1688965702938,1861.03,0.59332838,1861.02,0.12648532
1861.02,0.01891,1688965705420,1861.03,0.46859179,1861.02,0.10757532
1861.02,0.10757532,1688965705420,1861.03,0.46859179,1861.00,0.17267300
1861,0.01147,1688965705420,1861.03,0.46859179,1861.00,0.16120300
1861,0.161203,1688965705420,1861.03,0.46859179,1860.99,0.16120100
1860.99,0.161201,1688965705420,1861.03,0.46859179,1860.94,0.13433700
1860.94,0.134337,1688965705420,1861.03,0.46859179,1860.93,0.24342716
1860.93,0.10465197,1688965705420,1861.03,0.46859179,1860.93,0.13877519
1860.93,0.10749171,1688965705420,1861.03,0.46859179,1860.93,0.03128348
1860.99,0.0053465,1688965707806,1860.99,0.03816675,1860.97,0.16120600
1860.98,0.0544356,1688965713475,1861.06,0.29553800,1860.98,0.10676840
1861,0.0005886,1688965719870,1861.00,0.16061640,1860.98,0.32241000
1860.98,0.161205,1688965720413,1861.01,0.34005302,1860.98,0.16120400
1860.98,0.03108407,1688965720413,1861.01,0.34005302,1860.98,0.13011993
1861.02,0.00481728,1688965725807,1861.02,0.15638572,1860.99,0.56864399
1861.05,0.01336647,1688965726833,1861.05,0.14783453,1860.99,0.56864399
1861.06,0.161201,1688965728726,1861.07,123.80244424,1860.98,0.32240700
1861.07,0.11819509,1688965728726,1861.07,123.68424915,1860.98,0.32240700
1860.98,0.00542725,1688965729225,1861.06,0.16120200,1860.98,0.31697975
1861.04,0.01871306,1688965731107,1861.04,0.14248894,1861.02,0.16120100
1861.04,0.00827199,1688965734949,1861.04,0.15293001,1860.98,0.16120300
1861.05,0.00106932,1688965735052,1861.05,0.29438553,1860.98,0.16120300
1861.06,0.01194667,1688965735813,1861.06,0.40541165,1861.03,0.16120000
1861.06,0.00267319,1688965739786,1861.06,0.56393946,1861.03,0.21558334
1861,0.0000806,1688965740950,1861.04,0.39542343,1861.00,0.21784120
1861.04,0.00261877,1688965741734,1861.04,0.39280466,1861.00,0.21784120
1861.03,0.00053464,1688965746188,1861.03,0.21507691,1861.01,0.21967720
1861.03,0.05387491,1688965746687,1861.03,0.16120200,1861.01,0.21967720
1861.03,0.161202,1688965746687,1861.04,0.39280466,1861.01,0.21967720
1861.04,0.04699599,1688965746687,1861.04,0.34580867,1861.01,0.21967720
1861.04,0.05348893,1688965750242,1861.04,0.45352274,1861.00,0.12188167
1861.04,0.04553051,1688965751979,1861.04,0.24678923,1861.00,0.12188167
1861.01,0.00882636,1688965754260,1861.04,0.24678923,1861.01,0.22254481
1861.04,0.01576874,1688965754912,1861.04,0.39222249,1861.00,0.28776121
1861.07,0.00481717,1688965758598,1861.07,123.04243198,1861.02,0.23838084
1861,0.00144127,1688965769030,1861.01,2.01975377,1861.00,0.14593049
1861.01,0.01595856,1688965774725,1861.01,2.00379621,1861.00,0.14593049
1861.01,0.00421321,1688965777717,1861.01,1.99958300,1861.00,0.14593049
1861.01,0.00481725,1688965780783,1861.01,2.20915575,1861.00,0.14593049
1861.01,0.00139691,1688965782463,1861.01,2.20775884,1861.00,0.14593049
1861.01,0.00000537,1688965782494,1861.01,2.20775347,1861.00,0.14593049
1861.01,0.00989648,1688965782704,1861.01,2.03665199,1861.00,0.14593049
1861.01,0.05346559,1688965787903,1861.01,1.93014857,1861.00,2.57210458
1861.01,0.00481725,1688965791637,1861.01,0.46302469,1861.00,2.81231019
1861.01,0.21439,1688965798734,1861.01,0.17931000,1861.00,3.04811015
1861.01,0.17931,1688965798734,1861.03,0.16120300,1861.00,3.04811015
1861.03,0.161203,1688965798734,1861.04,0.16120300,1861.00,3.04811015
1861.04,0.03526006,1688965798734,1861.04,0.12594294,1861.00,3.04811015
1861.05,0.00001074,1688965798765,1861.05,0.13432426,1861.02,0.16120100
1861.03,0.0000806,1688965801795,1861.04,0.61655315,1861.03,0.33712850
1861.04,0.06611849,1688965802747,1861.04,0.71163566,1861.03,0.33712850
1861.03,0.12445505,1688965806916,1861.04,0.79551866,1861.03,0.24573269
1861.03,0.05397685,1688965806916,1861.04,0.79551866,1861.03,0.19175584
1861.06,0.01005215,1688965812821,1861.06,1.74095568,1861.04,0.32239900
1861.06,0.00053999,1688965814854,1861.06,1.24724569,1861.05,0.16119900
1861.06,0.01256942,1688965816733,1861.06,0.75370044,1861.05,0.92843223
1861.06,0.01256942,1688965817280,1861.06,0.60679902,1861.05,0.92843223
1861.06,0.02566842,1688965818308,1861.06,0.71546260,1861.05,0.92843223
1861.06,0.01256942,1688965820523,1861.06,0.70289318,1861.05,0.92843223
1861.06,0.02566814,1688965821075,1861.06,0.67722504,1861.05,1.08963123
1861.06,0.01256942,1688965822431,1861.06,0.53032362,1861.05,1.08963123
1861.06,0.00989622,1688965823207,1861.06,0.52042740,1861.05,1.08963123
1861.06,0.00561212,1688965824296,1861.06,0.51481528,1861.05,1.08963123
1861.05,0.17784446,1688965829038,1861.06,0.51481528,1861.05,0.92184023
1861.05,0.47589118,1688965831197,1861.06,0.51481528,1861.05,0.44594905
1861.05,0.11349759,1688965831197,1861.06,0.51481528,1861.05,0.33245146
1861.05,0.01005346,1688965831197,1861.06,0.51481528,1861.05,0.32239800
1861.05,0.161199,1688965831197,1861.06,0.51481528,1861.05,0.16119900
1861.05,0.15281455,1688965831197,1861.06,0.51481528,1861.05,0.00838445
1861.05,0.05958427,1688965831220,1861.05,0.11569457,1861.04,0.29507694
1861.04,0.00201288,1688965834879,1861.06,0.84850428,1861.04,0.45426406
1861.04,0.1387597,1688965835941,1861.05,1.78000333,1861.04,0.31550436
1861.05,0.01931289,1688965836274,1861.05,1.76069044,1861.04,0.47670436
1861.05,0.06316986,1688965836373,1861.05,0.56765058,1861.04,0.47670436
1861.05,0.24151858,1688965839614,1861.05,0.46046500,1861.04,0.15430436
1861.05,0.01336611,1688965843331,1861.05,0.43303090,1861.04,0.31550436
1861.05,0.00534644,1688965843451,1861.05,0.27985057,1861.04,0.31550436
1861.05,0.00165506,1688965843700,1861.05,0.27819551,1861.04,0.31550436
1861.05,0.00002149,1688965844182,1861.05,0.97444098,1861.04,0.31550436
1861.05,0.10668413,1688965846170,1861.05,1.02895685,1861.04,0.36929144
1861.04,0.15430436,1688965846214,1861.05,1.02895685,1861.04,0.21498708
1861.04,0.1612,1688965846214,1861.05,1.02895685,1861.04,0.05378708
1861.04,0.05378708,1688965846214,1861.05,1.02895685,1861.02,0.16120000
1861.02,0.03070856,1688965846214,1861.05,1.02895685,1861.02,0.13049144
1861.04,0.00053464,1688965846363,1861.04,0.18734628,1861.01,0.82499970
1861.03,0.00160393,1688965846654,1861.03,0.48064714,1861.01,0.82499970
1861.02,0.11939561,1688965848073,1861.04,0.34854728,1861.02,0.35055013
1861.04,0.161201,1688965849568,1861.04,0.03920432,1861.02,0.30874374
1861.04,0.03920432,1688965849568,1861.05,0.30954438,1861.02,0.30874374
1861.05,0.14834438,1688965849568,1861.05,0.16120000,1861.02,0.30874374
1861.05,0.1612,1688965849568,1861.06,0.82163928,1861.02,0.30874374
1861.06,0.38628528,1688965849568,1861.06,0.43535400,1861.02,0.30874374
1861.06,0.12853,1688965849568,1861.06,0.30682400,1861.02,0.30874374
1861.06,0.17249,1688965849568,1861.06,0.13433400,1861.02,0.30874374
1861.06,0.134334,1688965849568,1861.07,123.04243198,1861.02,0.30874374
1861.07,0.67078436,1688965849568,1861.07,122.37164762,1861.02,0.30874374
1861.05,0.00481715,1688965850743,1861.05,0.63568285,1861.03,0.16120100
1861.05,0.02766712,1688965854867,1861.05,1.03459673,1861.03,0.16120100
1861.03,0.00537331,1688965858743,1861.04,0.97582053,1861.03,0.15582769
1861.02,0.00162811,1688965859047,1861.03,0.27780000,1861.02,2.56192842
1861.03,0.05115306,1688965864691,1861.03,0.50280250,1861.02,2.72312942
1861.03,0.11533747,1688965866486,1861.03,0.38746503,1861.02,2.72312942
1861.05,0.00083922,1688965867065,1861.05,0.87255651,1861.04,0.67216494
1861.05,0.01837419,1688965867339,1861.05,0.85418232,1861.04,0.67216494
1861.05,0.06394201,1688965868232,1861.05,0.79024031,1861.04,0.67216494
1861.05,0.02619726,1688965868283,1861.05,0.76404305,1861.04,0.67216494
1861.05,0.010693,1688965869271,1861.05,0.75335005,1861.04,0.83336494
1861.05,0.24736036,1688965872432,1861.05,0.50598969,1861.04,0.83336494
1861.04,0.134333,1688965872721,1861.05,0.50598969,1861.04,0.86023194
1861.04,0.26330852,1688965872721,1861.05,0.50598969,1861.04,0.59692342
1861.04,0.13777899,1688965872721,1861.05,0.50598969,1861.04,0.45914443
1861.05,0.00718683,1688965876547,1861.05,0.63313586,1861.04,0.50337199
1861.05,0.23342286,1688965881441,1861.05,0.26538000,1861.04,1.00619068
1861.05,0.16666,1688965881441,1861.05,0.09872000,1861.04,1.00619068
1861.05,0.09872,1688965881441,1861.06,0.16120000,1861.04,1.00619068
1861.06,0.1612,1688965881441,1861.07,122.37164762,1861.04,1.00619068
1861.07,5.81352006,1688965881441,1861.07,116.55812756,1861.04,1.00619068
1861.06,0.00718675,1688965882768,1861.06,0.52681325,1861.05,0.29285326
1861.06,0.07820311,1688965884332,1861.06,0.44861014,1861.05,1.84491326
1861.06,0.44861,1688965885328,1861.06,0.00000014,1861.05,30.50048679
1861.06,0.00000014,1688965885332,1861.07,116.55812756,1861.05,30.50048679
1861.07,0.90129986,1688965885332,1861.07,115.65682770,1861.05,30.50048679
1861.07,0.5,1688965885332,1861.07,115.15682770,1861.05,30.50048679
1861.07,22.25144518,1688965885332,1861.07,92.90538252,1861.05,30.50048679
1861.07,2.12138463,1688965885335,1861.07,90.78399789,1861.06,1.55206000
1861.07,35.80254791,1688965885335,1861.07,54.98144998,1861.06,1.55206000
1861.07,18.46518262,1688965885342,1861.07,36.51626736,1861.06,3.69864980
1861.07,7,1688965885342,1861.07,29.51626736,1861.06,29.50401558
1861.07,0.59377,1688965885343,1861.07,28.92249736,1861.06,29.97509710
1861.07,11.16555,1688965885374,1861.07,17.75694736,1861.06,30.51502045
1861.07,10.16728,1688965885376,1861.07,7.58966736,1861.06,30.51502045
1861.07,0.5,1688965885395,1861.07,7.08966736,1861.06,28.96296045
1861.07,3.78626256,1688965885395,1861.07,3.30340480,1861.06,28.96296045
1861.07,3.3034048,1688965885395,1861.14,1.34334573,1861.06,28.96296045
1861.14,1.34334,1688965885410,1861.14,0.00000573,1861.12,1.58999273
1861.14,0.00000573,1688965885410,1861.17,0.49591356,1861.13,0.38376232
1861.35,0.00053165,1688965886234,1861.35,0.16064435,1861.25,0.16117600
1861.34,0.05186586,1688965887111,1861.34,0.10931214,1861.25,0.16117700
1861.35,0.02659775,1688965887358,1861.35,0.13457925,1861.25,0.16117700
1861.37,0.43601298,1688965887460,1861.40,1.39000000,1861.29,1.55206000
1861.4,1.39,1688965887460,1861.44,2.19583103,1861.29,1.55206000
1861.35,0.65163516,1688965887481,1861.43,0.56000000,1861.34,2.07294943
1861.41,0.161165,1688965888508,1861.47,0.16116500,1861.40,1.09240403
1861.41,1.18198,1688965893695,1861.41,0.00000587,1861.40,2.65082255
1861.47,0.01232364,1688965894927,1861.47,0.14884136,1861.44,0.21962132
1861.46,0.00069127,1688965896982,1861.46,0.62280873,1861.45,1.65664140
1861.46,0.07160362,1688965900145,1861.46,0.55120511,1861.45,1.65664140
1861.46,0.02766712,1688965900694,1861.46,0.52353799,1861.45,1.65664140
1861.45,0.00976497,1688965903020,1861.46,0.52353799,1861.45,1.64687543
1861.46,0.00017725,1688965904696,1861.46,0.82371464,1861.45,0.22196040
1861.46,0.24528808,1688965906494,1861.46,0.73959256,1861.41,0.39365194
1861.46,0.07671228,1688965908156,1861.46,0.50171428,1861.44,0.10823069
1861.46,0.00202026,1688965908624,1861.46,0.66086102,1861.45,0.12987991
1861.38,0.01480029,1688965914902,1861.40,0.34020146,1861.38,0.22762509
1861.34,0.08242838,1688965915574,1861.36,0.56603000,1861.27,0.56000000
1861.27,0.56,1688965915577,1861.40,6.29633152,1861.26,1.80600634
1861.26,1.24600634,1688965915577,1861.40,6.29633152,1861.26,0.56000000
1861.26,0.56,1688965915577,1861.40,6.29633152,1861.23,0.80591852
1861.14,0.01336317,1688965918892,1861.14,0.14783183,1861.11,0.16119300
1861.1,0.00053173,1688965920062,1861.10,0.57172336,1861.05,0.16119400
1861.08,0.10463046,1688965922315,1861.08,0.56704773,1861.06,0.16119700
1861.08,0.00001611,1688965922340,1861.08,0.56703162,1861.06,0.16119700
1861.09,0.00064127,1688965923287,1861.09,0.69226452,1861.08,0.00084628
1861.09,0.10637155,1688965924931,1861.09,2.13795297,1861.08,0.00084628
1861.09,0.00053173,1688965925242,1861.09,2.13742124,1861.08,0.00084628
1861.09,0.00105979,1688965925376,1861.09,2.13636145,1861.08,0.00084628
1861.09,0.26194466,1688965925425,1861.09,1.87441679,1861.08,0.00084628
1861.09,0.00084628,1688965925755,1861.09,1.87357051,1861.08,0.00084628
1861.12,0.02373515,1688965929843,1861.13,0.72050000,1861.12,3.44017421
1861.13,0.7205,1688965930867,1861.20,1.34330242,1861.12,3.44017421
1861.2,1.34330242,1688965930871,1861.35,2.31978879,1861.12,1.88811421
1861.32,0.00145687,1688965931525,1861.32,0.15972213,1861.31,1.55206000
1861.34,0.00053166,1688965933383,1861.34,0.49346834,1861.33,1.58907500
1861.3,0.10230924,1688965935076,1861.30,0.05887276,1861.24,0.16118100
1861.34,0.06224137,1688965936092,1861.34,0.43122697,1861.33,1.55206000
1861.33,0.13565569,1688965942041,1861.34,0.43122697,1861.33,2.00240007
1861.34,0.05875604,1688965944239,1861.34,0.37247093,1861.33,2.00240007
1861.34,0.0048164,1688965944728,1861.34,0.36765453,1861.33,2.00240007
1861.34,0.00252693,1688965946607,1861.34,0.36512760,1861.33,2.00240007
1861.34,0.01764586,1688965946748,1861.34,0.34748174,1861.33,2.00240007
1861.34,0.00989473,1688965946943,1861.34,0.33758701,1861.33,2.00240007
1861.34,0.33758701,1688965947535,1861.39,1.34316530,1861.33,2.00240007
1861.39,0.0514034,1688965951682,1861.39,1.29176190,1861.38,2.11536862
1861.39,1.2917619,1688965951797,1861.49,2.68723296,1861.38,2.11536862
1861.49,2.49470482,1688965951797,1861.49,0.19252814,1861.38,2.11536862
1861.49,0.19252814,1688965951798,1861.56,0.28765396,1861.38,2.11536862
1861.77,0.03564094,1688965951968,1861.77,0.65864906,1861.58,0.54791900
1861.76,0.06805973,1688965952074,1861.76,0.09308527,1861.59,0.60653104
1861.77,0.00433559,1688965955006,1861.77,0.15680641,1861.66,0.16114200
1861.67,0.00024458,1688965955112,1861.78,0.16114400,1861.67,0.46453256
1861.66,0.161142,1688965957059,1861.77,0.16114200,1861.65,0.16114200
1861.65,0.161142,1688965957059,1861.77,0.16114200,1861.59,1.56421639
1861.59,0.16112427,1688965957059,1861.77,0.16114200,1861.59,1.40309212
1861.7,0.01256753,1688965957869,1861.70,0.14857847,1861.63,0.16114500
1861.71,0.02552996,1688965958095,1861.71,0.13561504,1861.63,0.16114500
1861.63,0.161145,1688965958773,1861.70,0.16114500,1861.62,0.16114600
1861.62,0.161146,1688965958773,1861.70,0.16114500,1861.61,1.79722735
1861.61,1.16691442,1688965958773,1861.70,0.16114500,1861.61,0.63031293
1861.61,0.63031293,1688965958773,1861.70,0.16114500,1861.60,0.39279735
1861.6,0.39279735,1688965958773,1861.70,0.16114500,1861.58,0.56000000
1861.58,0.56,1688965958773,1861.70,0.16114500,1861.57,2.04679892
1861.57,1.55206,1688965958773,1861.70,0.16114500,1861.57,0.49473892
1861.57,0.49473892,1688965958773,1861.70,0.16114500,1861.56,0.29805758
1861.56,0.29805758,1688965958773,1861.70,0.16114500,1861.50,7.52090400
1861.5,0.386743,1688965958773,1861.70,0.16114500,1861.50,7.13416100
1861.5,2.49107007,1688965958773,1861.70,0.16114500,1861.50,4.64309093
1861.5,0.93141847,1688965958773,1861.70,0.16114500,1861.50,3.71167246
1861.5,3.71167246,1688965958773,1861.70,0.16114500,1861.49,1.39000000
1861.49,1.39,1688965958773,1861.70,0.16114500,1861.47,13.57149501
1861.47,0.80581192,1688965958773,1861.70,0.16114500,1861.47,12.76568309
1861.47,3.12807596,1688965958773,1861.70,0.16114500,1861.47,9.63760713
1861.76,0.6765,1688965963468,1861.79,1.34287671,1861.75,1.24771831
1861.85,0.05158554,1688965969794,1861.85,0.55526437,1861.76,0.12483402
1861.9,0.01489445,1688965970765,1861.90,1.32790291,1861.89,0.22819000
1861.94,0.09906787,1688965972330,1861.96,0.16112300,1861.94,0.63660759
1861.94,0.00158364,1688965978066,1861.95,0.42500000,1861.94,2.32799962
1861.95,0.00059726,1688965978076,1861.95,0.42440274,1861.94,2.32799962
1861.95,0.00675089,1688965981264,1861.95,0.41765185,1861.94,2.32799962
1861.95,0.01489421,1688965983485,1861.95,0.40275764,1861.94,2.35380962
1861.95,0.03190821,1688965984127,1861.95,0.37084943,1861.94,2.35380962
1861.94,0.05875604,1688965985578,1861.95,0.37084943,1861.94,2.29505358
1861.95,0.00261756,1688965985816,1861.95,0.36823187,1861.94,2.29505358
1861.95,0.02340052,1688965987132,1861.95,0.34483135,1861.94,2.45617458
1861.94,0.03131785,1688965987313,1861.95,0.34483135,1861.94,2.26373573
1861.95,0.00122436,1688965987615,1861.95,0.34360699,1861.94,2.26373573
1861.95,0.29330563,1688965988834,1861.95,0.05030136,1861.94,0.80333326
1861.95,0.00000537,1688965988865,1861.95,0.05029599,1861.94,0.83111827
1861.95,0.00984178,1688965990743,1861.95,0.04045421,1861.94,1.52098827
1861.95,0.03580921,1688965996570,1861.95,0.00464500,1861.94,0.84096542
1861.95,0.004645,1688965996592,1862.00,0.32224200,1861.94,0.84096542
1862,0.01056199,1688965996592,1862.00,0.31168001,1861.94,0.84096542
1861.98,0.02565587,1688965998105,1861.98,0.13546513,1861.95,0.80914010
1861.99,0.01044548,1688965998697,1861.99,0.62355452,1861.95,0.80914010
1861.95,0.08,1688966000505,1861.99,0.62355452,1861.95,0.72914010
1861.99,0.002495,1688966000516,1861.99,0.62105952,1861.95,0.72914010
1861.99,0.00801579,1688966000857,1861.99,0.61304373,1861.95,0.72914010
1861.99,0.02687689,1688966011756,1861.99,0.58616684,1861.97,0.11491601
1861.99,0.01755106,1688966013462,1861.99,0.56861578,1861.98,0.43296219
1861.99,0.340561,1688966015508,1861.99,0.22805478,1861.98,0.43296219
1861.99,0.13321473,1688966016195,1861.99,0.09484005,1861.98,0.48058691
1861.99,0.05759199,1688966016309,1861.99,0.03724806,1861.98,0.48058691
1861.98,0.26360414,1688966020280,1861.99,0.03724806,1861.98,1.45775277
1861.99,0.00037561,1688966022707,1861.99,0.03687245,1861.98,0.11337990
1861.97,0.0027,1688966022782,1861.99,0.03687245,1861.97,0.07284183
1861.97,0.07284183,1688966022782,1861.99,0.03687245,1861.96,0.16111800
1861.96,0.00527598,1688966022782,1861.99,0.03687245,1861.96,0.15584202
1861.95,0.00122452,1688966025172,1861.98,0.16112000,1861.95,0.51003991
1861.95,0.02870118,1688966025172,1861.98,0.16112000,1861.95,0.48133873
1861.99,0.00282996,1688966025836,1861.99,0.03404249,1861.96,0.40564927
1861.99,0.00000536,1688966025871,1861.99,0.03403713,1861.97,0.03695898
1861.99,0.00481471,1688966025979,1861.99,0.02922242,1861.97,0.09327895
1861.99,0.02922242,1688966027920,1862.02,0.16111900,1861.98,0.09587273
1862.02,0.00268425,1688966027920,1862.02,0.15843475,1861.98,0.09587273
1861.99,0.06805973,1688966028437,1862.01,0.61600000,1861.99,0.24544023
1862,0.01335936,1688966029938,1862.00,2.11221585,1861.99,0.06718908
1862,0.03920785,1688966030820,1862.00,0.72733717,1861.99,0.06718908
1862,0.33079215,1688966030820,1862.00,0.39654502,1861.99,0.06718908
1861.99,0.05865908,1688966031353,1862.00,0.28723270,1861.99,0.00853000
1861.99,0.0024125,1688966031353,1862.00,0.28723270,1861.99,0.00611750
1862,0.10420855,1688966032072,1862.00,0.32211170,1861.99,0.00611750
1861.99,0.0061175,1688966038819,1862.00,0.38471864,1861.97,0.16111700
1861.97,0.06101462,1688966038819,1862.00,0.38471864,1861.97,0.10010238
1861.98,0.01520699,1688966042044,1862.01,0.61600000,1861.98,0.43809628
1862,0.00124746,1688966044287,1862.00,0.32098854,1861.98,0.43809628
1862,0.161118,1688966044764,1862.01,0.61600000,1861.98,0.43809628
1862.01,0.05184811,1688966044764,1862.01,0.56415189,1861.98,0.43809628
1862.01,0.51128281,1688966047659,1862.01,0.05286908,1861.98,0.01398032
1861.98,0.00283032,1688966049056,1862.01,0.05286908,1861.98,0.01115000
1861.98,0.01115,1688966049056,1862.01,0.05286908,1861.97,0.03655185
1861.97,0.0036306,1688966049056,1862.01,0.05286908,1861.97,0.03292125
1862.01,0.02765301,1688966051062,1862.01,0.02521607,1862.00,0.16111700
1862.01,0.01763951,1688966053291,1862.01,0.00757656,1862.00,0.20877021
1862.01,0.00757656,1688966056837,1862.08,0.16111700,1862.00,0.82052028
1862.08,0.0057828,1688966056837,1862.08,0.15533420,1862.00,0.82052028
1861.99,0.161117,1688966058384,1862.02,0.14898845,1861.96,0.16111700
1861.98,0.00139618,1688966058818,1861.98,1.83748682,1861.96,0.26249026
1861.97,0.00000536,1688966058845,1861.97,0.32223464,1861.96,0.26249026
1861.96,0.00036325,1688966060184,1861.96,0.66555308,1861.95,0.26623155
1861.95,0.00244267,1688966060243,1861.96,0.66555308,1861.95,0.26378888
1861.96,0.00425878,1688966060513,1861.96,0.66129430,1861.95,0.26378888
1861.96,0.00379816,1688966061583,1861.96,1.28845315,1861.95,0.26378888
1861.96,0.00213748,1688966062267,1861.96,1.28631567,1861.95,0.26378888
1861.96,0.01256282,1688966062670,1861.96,0.30546185,1861.95,0.26378888
1861.96,0.00144621,1688966063667,1861.96,0.30401564,1861.95,0.26378888
1861.96,0.07926218,1688966064445,1861.96,0.22475346,1861.95,0.26378888
1861.95,0.00529468,1688966064625,1861.96,0.22475346,1861.95,0.25849420
1861.95,0.00031722,1688966064837,1861.96,0.38587446,1861.95,0.25817698
1861.97,0.0020842,1688966067031,1861.97,0.32015580,1861.95,0.26822558
1861.98,0.07668797,1688966067166,1861.98,1.76079885,1861.95,0.26822558
1861.97,0.00611951,1688966069732,1861.97,0.15500049,1861.95,0.42934658
1861.99,0.00481466,1688966074541,1861.99,0.31742334,1861.96,0.16112000
1861.97,0.0027,1688966076371,1861.99,0.16111900,1861.97,0.05435588
1861.97,0.05435588,1688966076371,1861.99,0.16111900,1861.96,0.16112000
1861.97,0.01259592,1688966083580,1861.97,2.45300872,1861.96,0.17547000
1861.97,0.00034406,1688966083615,1861.97,2.45266466,1861.96,0.17547000
1861.96,0.01435,1688966083865,1861.97,4.11121166,1861.95,0.26962196
1861.95,0.25817698,1688966083869,1861.97,4.11121166,1861.95,0.01144498
1861.95,0.0100486,1688966083869,1861.97,4.11121166,1861.95,0.00139638
1861.95,0.00139638,1688966083869,1861.97,4.11121166,1861.94,0.02581000
1861.94,0.02581,1688966083869,1861.97,4.11121166,1861.78,0.56000000
1861.77,0.145,1688966086534,1861.88,0.16113200,1861.77,0.01613200
1861.86,0.05157945,1688966087154,1861.86,0.08269755,1861.77,1.34000000
1861.87,0.03580348,1688966087324,1861.87,0.12532952,1861.79,0.16113200
1861.86,0.0013558,1688966089833,1861.86,0.15977820,1861.75,0.16113400
1861.87,0.00561634,1688966089949,1861.87,0.15551666,1861.75,0.16113400
1861.86,0.07815831,1688966091685,1861.86,0.08297569,1861.76,0.16113400
1861.88,0.00580611,1688966092974,1861.88,0.15532689,1861.76,0.16113400
1861.88,0.0256556,1688966093461,1861.88,0.62444828,1861.78,0.13427600
1861.86,0.05346336,1688966094748,1861.86,0.10767064,1861.75,0.16113400
1861.86,0.00285621,1688966095386,1861.86,0.15827779,1861.75,0.16113400
1861.87,0.00000536,1688966095414,1861.87,0.16112764,1861.75,0.16113400
1861.85,0.03563404,1688966095918,1861.85,0.12549996,1861.75,0.93435400
1861.8,0.01487985,1688966102582,1861.89,0.16113000,1861.80,0.11939615
1861.78,0.05585254,1688966103443,1861.79,1.55206000,1861.78,0.14267266
1861.79,0.05113053,1688966103955,1861.79,1.66206647,1861.78,0.14267266
1861.79,0.01585905,1688966104045,1861.79,1.64620742,1861.78,0.14267266
1861.79,0.01520795,1688966105066,1861.79,1.63099947,1861.78,0.14267266
1861.79,0.00033955,1688966105090,1861.79,1.63065992,1861.78,0.14267266
1861.79,0.161133,1688966106380,1861.85,0.40000000,1861.78,0.27695366
1861.78,0.14267266,1688966106380,1861.85,0.40000000,1861.78,0.13428100
1861.78,0.134281,1688966106380,1861.85,0.40000000,1861.75,0.01322000
1861.77,1.25271633,1688966107329,1861.87,0.09601478,1861.76,0.32527000
1861.93,0.161125,1688966112051,1861.95,0.16112400,1861.91,0.47320000
1861.95,0.10473674,1688966112051,1861.95,0.05638726,1861.91,0.47320000
1861.95,0.00027349,1688966120169,1861.95,0.44527851,1861.94,1.55206000
1861.95,0.20427651,1688966121806,1861.95,0.07988000,1861.94,1.60584255
1861.95,0.07988,1688966121806,1861.96,0.73012200,1861.94,1.60584255
1861.96,0.06018639,1688966121806,1861.96,0.66993561,1861.94,1.60584255
1861.96,0.033,1688966124985,1861.96,0.61008161,1861.95,0.32562214
1861.96,0.00031478,1688966126405,1861.96,0.63661983,1861.95,1.61227123
1861.96,0.0020024,1688966130394,1861.96,0.47349643,1861.95,1.61227123
1861.96,0.1316353,1688966130552,1861.96,0.34186113,1861.95,1.61227123
1861.96,0.05237251,1688966131009,1861.96,0.28948862,1861.95,1.61227123
1861.96,0.02765375,1688966133598,1861.96,0.26183487,1861.95,1.61227123
1861.95,0.16114563,1688966133964,1861.96,0.26183487,1861.95,1.45112560
1861.95,0.01520795,1688966134198,1861.96,0.26183487,1861.95,1.43591765
1861.95,0.00711102,1688966134307,1861.96,0.26183487,1861.95,1.42880663
1861.96,0.05158,1688966135769,1861.96,0.21025487,1861.95,1.42880663
1861.95,0.00590292,1688966137821,1861.96,0.21025487,1861.95,1.42290371
1861.96,0.00481479,1688966139516,1861.96,0.20544008,1861.95,1.42290371
1861.96,0.01595625,1688966148443,1861.96,0.18948383,1861.95,1.43788748
1861.86,0.38050994,1688966158686,1861.92,0.32225300,1861.86,0.12680233
1861.86,0.03093733,1688966158686,1861.92,0.32225300,1861.86,0.09586500
1861.86,0.095865,1688966158686,1861.92,0.32225300,1861.85,0.16112300
1861.85,0.161123,1688966158686,1861.92,0.32225300,1861.77,0.16112600
1861.77,0.161126,1688966158686,1861.92,0.32225300,1861.76,2.93933607
1861.76,1.80136887,1688966158686,1861.92,0.32225300,1861.76,1.13796720
1861.78,0.10894626,1688966158786,1861.91,0.38671200,1861.78,0.70000000
1861.78,0.7,1688966158786,1861.91,0.38671200,1861.76,0.57796720
1861.76,0.5779672,1688966158786,1861.91,0.38671200,1861.75,1.75922000
1861.75,0.01322,1688966158786,1861.91,0.38671200,1861.75,1.74600000
1861.75,1.29986654,1688966158786,1861.91,0.38671200,1861.75,0.44613346
1861.79,0.00027608,1688966160015,1861.79,0.37979017,1861.75,0.16113700
1861.74,0.08898177,1688966163888,1861.76,0.21879221,1861.74,2.13157263
1861.74,0.2309754,1688966165130,1861.75,0.78279221,1861.74,1.90059723
1861.75,0.00267193,1688966167202,1861.75,0.78012028,1861.74,3.19507069
1861.74,1.29059723,1688966168308,1861.75,2.46646328,1861.74,1.06638346
1861.74,0.61,1688966168308,1861.75,2.46646328,1861.74,0.45638346
1861.74,0.45638346,1688966168308,1861.75,2.46646328,1861.69,0.14748427
1861.69,0.14748427,1688966168318,1861.70,1.55206000,1861.62,13.58859847
1861.69,0.00000537,1688966168345,1861.69,0.69542963,1861.62,13.58859847
1861.62,13.58859847,1688966168348,1861.64,1.55206000,1861.61,13.90514294
1861.61,1.38,1688966168348,1861.64,1.55206000,1861.61,12.52514294
1861.61,12.52514294,1688966168348,1861.64,1.55206000,1861.56,1.38000000
1861.56,1.38,1688966168365,1861.63,1.94020191,1861.54,0.29906327
1861.54,0.29906327,1688966168365,1861.63,1.94020191,1861.50,1.37000000
1861.55,0.01482878,1688966169750,1861.64,0.16115200,1861.55,0.94632222
1861.59,0.00481523,1688966172030,1861.59,0.21397698,1861.56,2.04438460
1861.61,0.16115,1688966173190,1861.61,0.05523459,1861.60,1.55206000
1861.61,0.05523459,1688966173191,1861.69,1.34294884,1861.60,1.55206000
1861.61,0.01464751,1688966173273,1861.68,0.10819230,1861.61,1.36535249
1861.66,0.1081923,1688966176957,1861.69,1.34294884,1861.65,1.80899000
1861.69,0.65743,1688966176957,1861.69,0.68551884,1861.66,0.16114770
1861.69,0.68551,1688966176957,1861.69,0.00000884,1861.66,0.16114770
1861.67,0.06564,1688966176971,1861.67,0.00000472,1861.66,0.16114770
1861.69,0.00000884,1688966177944,1861.72,0.16114300,1861.68,4.94099097
1861.72,0.08282838,1688966177944,1861.72,0.07831462,1861.68,4.94099097
1861.75,0.14747689,1688966178365,1861.75,0.41385118,1861.74,1.82187000
1861.75,0.00000537,1688966178393,1861.75,0.41384581,1861.74,2.19233557
1861.75,0.25,1688966178681,1861.75,0.16384581,1861.74,2.13987333
1861.75,0.16384581,1688966186212,1861.79,0.16113900,1861.74,1.83009406
1861.79,0.161139,1688966186212,1861.80,0.16113700,1861.74,1.83009406
1861.8,0.161137,1688966186212,1861.84,0.13428100,1861.74,1.83009406
1861.84,0.10499838,1688966186212,1861.84,0.02928262,1861.74,1.83009406
1861.78,0.0160333,1688966191091,1861.78,0.42846670,1861.77,0.18151000
1861.77,0.29496124,1688966194355,1861.78,2.70522400,1861.74,0.00106781
1861.74,0.00106781,1688966194452,1861.75,0.60255230,1861.74,1.30000000
1861.74,1.29999219,1688966194452,1861.75,0.60255230,1861.74,0.00000781
1861.74,0.00000781,1688966194456,1861.75,6.76221338,1861.55,1.38000000
1861.49,0.01256476,1688966195528,1861.49,0.12173924,1861.44,1.62116400
1861.48,0.00267222,1688966196551,1861.48,0.52432778,1861.44,1.62116400
1861.48,0.52432,1688966197576,1861.48,0.00000778,1861.47,0.17163000
1861.48,0.00000778,1688966197734,1861.58,0.16115800,1861.47,30.27330880
1861.58,0.05370527,1688966197734,1861.58,0.10745273,1861.47,30.27330880
1861.59,0.05317492,1688966198615,1861.59,1.28984967,1861.58,13.52096173
1861.59,0.00024895,1688966199106,1861.59,1.45075372,1861.58,14.23856693
1861.59,0.20920359,1688966202725,1861.59,1.08039713,1861.58,14.29237061
1861.59,0.00002685,1688966202754,1861.59,1.08037028,1861.58,14.29237061
1861.59,0.00267217,1688966207815,1861.59,1.07769811,1861.58,14.29237061
1861.59,0.00480574,1688966213752,1861.59,0.95559778,1861.58,1.35608986
1861.59,0.02566083,1688966214336,1861.59,0.79564295,1861.58,1.35608986
1861.58,1.29,1688966214991,1861.59,0.95679595,1861.58,0.06608986
1861.58,0.06608986,1688966214991,1861.59,0.95679595,1861.53,0.16115300
1861.53,0.161153,1688966214991,1861.59,0.95679595,1861.52,0.16115300
1861.52,0.161153,1688966214991,1861.59,0.95679595,1861.50,1.38000000
1861.5,1.27050769,1688966214991,1861.59,0.95679595,1861.50,0.10949231
1861.59,0.09824707,1688966219472,1861.59,0.33328636,1861.58,2.44085131
1861.59,0.33328636,1688966220187,1861.70,1.34294163,1861.58,2.44085131
1861.7,1.34294163,1688966220187,1861.76,0.29277591,1861.58,2.44085131
1861.74,0.56,1688966220191,1861.76,0.29277591,1861.59,0.33328000
1861.76,0.29277591,1688966220191,1861.83,0.60985457,1861.59,0.33328000
1861.69,0.585,1688966220217,1861.88,0.56000000,1861.68,3.95553448
1861.84,0.00984368,1688966221667,1861.84,0.15129032,1861.77,0.16113400
1861.85,0.00020961,1688966222012,1861.85,0.16092339,1861.77,0.16113400
1861.83,0.0400811,1688966226631,1861.83,0.12105390,1861.75,0.16113600
1861.75,0.10479381,1688966227209,1861.83,0.16113500,1861.75,0.05634219
1861.87,0.0119709,1688966228825,1861.87,0.71652910,1861.81,0.16113100
1861.87,0.71652,1688966230832,1861.87,0.00000910,1861.81,1.53113100
1861.87,0.0000091,1688966230835,1861.92,1.34278294,1861.81,1.53113100
1861.92,1.2029009,1688966230835,1861.92,0.13988204,1861.81,1.53113100
1861.92,0.10228176,1688966232223,1861.92,0.03760028,1861.91,1.97728729
1861.91,0.00143486,1688966232977,1861.95,0.32224700,1861.91,1.97585243
1861.95,0.00267197,1688966233064,1861.95,0.31957503,1861.91,1.97585243
1861.95,0.01,1688966233190,1861.95,0.15112300,1861.91,1.73053243
1861.59,0.04398716,1688966244831,1861.60,0.50315232,1861.58,1.27000000
1861.6,0.03617289,1688966244831,1861.60,0.46697943,1861.58,1.27000000
1861.59,0.05158088,1688966250624,1861.59,1.10036912,1861.58,1.27000000
1861.58,1.27,1688966254401,1861.59,1.10036912,1861.55,1.48461712
1861.55,0.10461712,1688966254405,1861.59,1.10036912,1861.55,1.38000000
1861.55,1.38,1688966254405,1861.59,1.10036912,1861.50,1.38000000
1861.5,1.38,1688966254405,1861.59,1.10036912,1861.45,0.80581918
1861.44,1.37,1688966254409,1861.58,1.63535913,1861.43,0.14750487
1861.43,0.14750487,1688966254409,1861.58,1.63535913,1861.42,1.66300000
1861.49,0.00059074,1688966257660,1861.49,0.16057326,1861.39,0.72323962
1861.47,0.01400801,1688966258243,1861.47,0.14715799,1861.39,0.72323962
1861.47,0.00009809,1688966259524,1861.47,0.16106691,1861.42,1.68495284
1861.46,0.00261799,1688966261398,1861.46,0.15854601,1861.43,0.88437165
1861.48,0.00005449,1688966265058,1861.48,0.16110951,1861.44,1.06904679
1861.48,0.05114234,1688966265132,1861.48,0.10996717,1861.44,1.06904679
1861.55,0.01329509,1688966267334,1861.55,0.79253050,1861.51,0.46755514
1861.55,0.05114152,1688966267375,1861.55,0.74138898,1861.51,0.46755514
1861.56,0.01336259,1688966276752,1861.56,0.14779641,1861.48,1.71227856
1861.48,0.13645791,1688966277510,1861.59,0.40000000,1861.48,1.57582065
1861.56,0.02566152,1688966280219,1861.56,0.13549548,1861.50,0.82776212
1861.55,0.02566097,1688966281870,1861.55,0.13549603,1861.50,0.84287212
1861.51,0.01400801,1688966282210,1861.56,0.16115800,1861.51,0.14714999
1861.55,0.02553216,1688966282891,1861.55,0.13562784,1861.50,0.09520708
1861.54,0.05452384,1688966292396,1861.54,0.10663716,1861.50,0.58280777
1861.51,0.0055816,1688966295017,1861.51,2.57703169,1861.50,0.58280777
1861.5,0.01511,1688966296405,1861.51,2.41587169,1861.50,0.56769777
1861.5,0.08769777,1688966296405,1861.51,2.41587169,1861.50,0.48000000
1861.5,0.48,1688966296405,1861.51,2.41587169,1861.39,0.01207162
1861.41,0.71,1688966297973,1861.42,1.68636500,1861.40,0.01039000
1861.4,0.01039,1688966297973,1861.42,1.68636500,1861.39,0.01207162
1861.39,0.00459871,1688966297973,1861.42,1.68636500,1861.39,0.00747291
1861.39,0.00747291,1688966297973,1861.42,1.68636500,1861.38,2.68723295
1861.38,2.68723295,1688966297973,1861.42,1.68636500,1861.35,1.38000000
1861.39,0.161168,1688966297978,1861.42,1.68636500,1861.35,1.38000000
1861.35,1.38,1688966297978,1861.42,1.68636500,1861.33,0.48825363
1861.33,0.48825363,1688966297978,1861.42,1.68636500,1861.32,1.38000000
1861.32,1.38,1688966297978,1861.42,1.68636500,1861.30,0.28824159
1861.05,0.7,1688966301149,1861.08,0.16119700,1861.04,0.18693848
1861.04,0.18693848,1688966301149,1861.08,0.16119700,1861.03,1.86500000
1861.03,1.865,1688966301149,1861.08,0.16119700,1861.00,0.05261181
1861,0.05261,1688966301160,1861.05,0.69547895,1861.00,0.00000181
1861,0.00000181,1688966301340,1861.01,1.38150180,1860.92,0.16120700
1860.92,0.161207,1688966301340,1861.01,1.38150180,1860.91,1.00000000
1860.91,1,1688966301340,1861.01,1.38150180,1860.82,0.56000000
1860.81,0.56,1688966301529,1860.93,0.06822895,1860.80,1.39000000
1860.8,0.1617084,1688966301529,1860.93,0.06822895,1860.80,1.22829160
1860.81,0.06443402,1688966302587,1860.87,0.22944595,1860.81,0.50916313
1860.87,0.00053179,1688966303456,1860.87,0.06769716,1860.79,2.24000000
1860.86,0.00107464,1688966306800,1860.95,0.34283251,1860.86,1.65013636
1860.95,0.00053723,1688966306850,1860.95,0.34229528,1860.86,1.49000000
1860.95,0.04674128,1688966307119,1860.95,0.29555400,1860.86,1.49000000
1860.95,0.161211,1688966307119,1860.95,0.13434300,1860.86,1.49000000
1860.95,0.00477596,1688966307119,1860.95,0.12956704,1860.86,1.49000000
1860.94,0.03456871,1688966309338,1860.94,0.44798119,1860.90,0.01005427
1860.91,0.10230759,1688966309939,1860.91,0.67570268,1860.90,0.01005427
1860.9,0.01005427,1688966313517,1860.91,1.25966660,1860.90,0.82000000
1860.9,0.09947808,1688966313517,1860.91,1.25966660,1860.90,0.72052192
1860.91,0.13300231,1688966314262,1860.91,1.28787629,1860.90,0.72052192
1860.91,0.00481741,1688966315043,1860.91,1.12184688,1860.90,0.72052192
1860.91,0.02566966,1688966317126,1860.91,1.09617722,1860.90,0.72052192
1860.95,0.00561941,1688966319627,1860.95,0.80046600,1860.94,1.05120800
1860.95,0.02554066,1688966321094,1860.95,0.77492534,1860.94,0.89000000
1860.96,0.05186976,1688966322566,1860.96,1.29160591,1860.95,3.31130792
1861.03,0.08020804,1688966325638,1861.03,0.24220096,1860.99,0.63615204
1861.01,0.00821,1688966328841,1861.03,0.67461806,1860.99,0.00687000
1860.99,0.00687,1688966328841,1861.03,0.67461806,1860.96,0.00122517
1860.96,0.00122517,1688966328841,1861.03,0.67461806,1860.95,0.16120200
1860.95,0.07708695,1688966328841,1861.03,0.67461806,1860.95,0.08411505
1861.02,0.00802027,1688966331536,1861.02,0.15318473,1860.96,0.30357628
1861.03,0.002495,1688966331678,1861.03,0.15871100,1860.97,0.16120500
1861.04,0.21279454,1688966332036,1861.04,1.07684237,1860.94,0.04255271
1860.95,0.134338,1688966334407,1861.01,0.16120500,1860.95,0.05381653
1860.95,0.05381653,1688966334407,1861.01,0.16120500,1860.94,0.16120600
1860.94,0.161206,1688966334407,1861.01,0.16120500,1860.91,0.16120500
1860.91,0.161205,1688966334407,1861.01,0.16120500,1860.88,0.18434539
1860.88,0.18434539,1688966334407,1861.01,0.16120500,1860.87,1.38000000
1860.87,0.40508908,1688966334407,1861.01,0.16120500,1860.87,0.97491092
1860.88,0.26403922,1688966334725,1860.99,0.16120900,1860.84,1.39000000
1860.84,0.4791182,1688966334725,1860.99,0.16120900,1860.84,0.91088180
1860.97,0.05603335,1688966335843,1860.97,0.10517965,1860.87,1.76673643
1861.01,0.01257017,1688966336866,1861.01,0.14863683,1860.91,0.69703402
1861.02,0.03040568,1688966337262,1861.02,0.13080132,1860.91,0.69703402
1861.02,0.00553284,1688966337588,1861.02,0.15567316,1860.91,0.69703402
1861.02,0.00797945,1688966340491,1861.02,0.15322555,1860.93,0.89106259
1860.99,0.161207,1688966344799,1861.03,1.28963697,1860.96,0.04673830
1861.03,0.05157925,1688966344799,1861.03,1.23805772,1860.96,0.04673830
1861,0.00031847,1688966345723,1861.00,0.16088953,1860.92,0.08303589
1861.06,0.03324861,1688966348453,1861.06,0.77278916,1861.03,0.29116097
1861.06,0.02780716,1688966350304,1861.06,0.74498200,1861.05,1.43484000
1861.06,0.00545345,1688966350998,1861.06,0.73952855,1861.05,2.40484000
1861.07,1.34339626,1688966353162,1861.18,0.48489554,1861.06,1.55206000
1861.31,0.00771887,1688966353231,1861.31,0.12660413,1861.13,0.16118500
1861.21,0.05985,1688966356197,1861.25,0.72118400,1861.21,0.30119000
1861.21,0.03830793,1688966357927,1861.21,0.12288007,1861.15,0.64000000
1861.19,0.00018949,1688966360874,1861.19,0.98949168,1861.16,0.47251791
1861.16,0.00232626,1688966361113,1861.22,0.16118900,1861.16,0.47019165
1861.21,0.02553614,1688966366035,1861.21,0.13565086,1861.16,0.74060572
1861.23,0.134323,1688966367222,1861.23,0.16118600,1861.17,0.16118700
1861.23,0.07843696,1688966367222,1861.23,0.08274904,1861.17,0.16118700
1861.26,0.00615874,1688966367421,1861.26,0.15502726,1861.17,1.79550900
1861.26,0.00481676,1688966370471,1861.26,0.15636724,1861.19,0.16118400
1861.23,0.02566607,1688966371908,1861.23,1.05132931,1861.17,1.03432200
1861.18,0.0083137,1688966379767,1861.18,0.63492432,1861.17,1.67000000
1861.18,0.05352458,1688966383214,1861.18,0.12974542,1861.17,2.49673096
1861.18,0.00023243,1688966383851,1861.18,0.39925299,1861.17,2.49673096
1861.18,0.06522741,1688966391163,1861.18,0.06428558,1861.17,4.04879096
1861.18,0.002495,1688966392426,1861.18,0.10702921,1861.17,2.49673096
1861.18,0.00016901,1688966393314,1861.18,0.10686020,1861.17,2.49673096
1861.17,0.07606463,1688966395404,1861.18,0.26804820,1861.17,2.42066633
1861.18,0.05346605,1688966398084,1861.18,0.38597215,1861.17,2.42066633
1861.18,0.00815552,1688966398762,1861.18,0.21693035,1861.17,2.42066633
1861.18,0.09716742,1688966398762,1861.18,0.11976293,1861.17,2.42066633
1861.18,0.07422258,1688966398839,1861.18,0.03617803,1861.17,0.98791896
1861.18,0.0324541,1688966398839,1861.18,0.00372393,1861.17,0.98791896
1861.18,0.00372393,1688966399990,1861.18,0.20433000,1861.17,0.82673096
1861.18,0.20433,1688966399990,1861.19,0.58027247,1861.17,0.82673096
1861.19,0.04194607,1688966399990,1861.19,0.53832640,1861.17,0.82673096
1861.17,0.0112086,1688966401000,1861.18,0.29061039,1861.17,0.81552236
1861.18,0.00007717,1688966407847,1861.18,0.67910153,1861.17,0.34885039
1861.18,0.01517176,1688966413597,1861.18,0.58930203,1861.17,1.08926559
1861.18,0.01049473,1688966413597,1861.18,0.57880730,1861.17,1.08926559
1861.18,0.26337952,1688966414728,1861.18,0.26738575,1861.17,0.92807859
1861.18,0.01078526,1688966415012,1861.18,0.28336974,1861.17,0.92807859
1861.17,0.01078526,1688966416763,1861.18,0.25660049,1861.17,0.91729333
1861.18,0.05275612,1688966420418,1861.18,0.20384437,1861.17,0.91729333
1861.18,0.00319684,1688966422530,1861.18,0.51794652,1861.17,0.91729333
1861.17,0.01202761,1688966423680,1861.18,0.48998753,1861.17,0.90526572
1861.18,0.20064753,1688966428246,1861.18,0.28934000,1861.17,0.90526572
1861.18,0.13052568,1688966428246,1861.18,0.15881432,1861.17,0.90526572
1861.17,0.03098656,1688966430985,1861.18,1.02142673,1861.17,0.87427916
1861.17,0.09466698,1688966430985,1861.18,1.02142673,1861.17,0.77961218
1861.18,0.00905337,1688966431980,1861.18,0.18407286,1861.17,0.82829874
1861.18,0.00565432,1688966432983,1861.18,0.17875873,1861.17,0.82829874
1861.18,0.00053759,1688966433761,1861.18,0.17822114,1861.17,0.82829874
1861.17,0.20038398,1688966437175,1861.18,2.18403086,1861.17,0.04868656
1861.17,0.03098656,1688966437175,1861.18,2.18403086,1861.17,0.01770000
1861.17,0.0177,1688966437175,1861.18,2.18403086,1861.16,0.27041407
1861.16,0.00283156,1688966437175,1861.18,2.18403086,1861.16,0.26758251
1861.16,0.26758251,1688966437175,1861.18,2.18403086,1861.11,0.73866924
1861.11,0.73866924,1688966437229,1861.12,2.38050973,1861.02,1.39000000
1861.04,0.77265,1688966437879,1861.04,1.33410759,1861.03,0.50000000
1861.04,0.2915173,1688966437879,1861.04,1.04259029,1861.03,0.50000000
1861.04,0.01709213,1688966438346,1861.04,0.92687716,1861.03,0.64753657
1861.03,0.5,1688966443097,1861.04,0.92687716,1861.03,0.14753657
1861.03,0.14753657,1688966443097,1861.04,0.92687716,1860.99,0.13433400
1860.99,0.134334,1688966443097,1861.04,0.92687716,1860.98,0.16120100
1860.98,0.161201,1688966443097,1861.04,0.92687716,1860.97,0.16259812
1860.97,0.00139712,1688966443097,1861.04,0.92687716,1860.97,0.16120100
1860.97,0.161201,1688966443097,1861.04,0.92687716,1860.90,1.39000000
1860.9,0.52027464,1688966443097,1861.04,0.92687716,1860.90,0.86972536
1860.9,0.28128071,1688966443129,1861.01,0.11421205,1860.90,0.58844465
1860.9,0.191034,1688966443417,1860.93,0.11421205,1860.90,0.39741065
1860.91,0.02553943,1688966445476,1860.91,0.08867262,1860.90,1.11118677
1860.91,0.08867262,1688966445673,1860.93,0.16121200,1860.90,1.11118677
1860.93,0.06478116,1688966445673,1860.93,0.09643084,1860.90,1.11118677
1860.91,0.57,1688966447348,1860.92,1.46806602,1860.90,0.07377612
1860.9,0.07377612,1688966447348,1860.92,1.46806602,1860.89,0.30171025
1860.89,0.00171025,1688966447402,1860.90,0.24540500,1860.89,0.30000000
1860.89,0.3,1688966447402,1860.90,0.24540500,1860.81,1.38000000
1860.89,0.1310442,1688966454482,1860.89,0.19138280,1860.88,3.03364781
1860.89,0.07153698,1688966455266,1860.98,0.16120900,1860.89,0.08967202
1860.97,0.06523968,1688966456544,1860.97,0.09596832,1860.91,0.67673328
1860.97,0.00450778,1688966457261,1860.97,0.15670022,1860.92,1.35911150
1860.97,0.02659989,1688966459687,1860.97,0.13460911,1860.92,0.16120900
1860.96,0.00079968,1688966461492,1860.96,0.29475132,1860.89,0.05390799
1860.97,0.01497684,1688966461695,1860.97,0.28057316,1860.90,0.05990594
1860.97,0.05346674,1688966465019,1860.97,0.38708788,1860.92,1.06846598
1860.88,0.01490078,1688966469531,1860.88,1.38449495,1860.87,0.06842935
1860.88,0.02566952,1688966470237,1860.88,1.35882543,1860.87,0.06842935
1860.88,0.01256996,1688966470324,1860.88,1.34625547,1860.87,0.06842935
1860.88,0.0018247,1688966470367,1860.88,1.34443077,1860.87,0.06842935
1860.89,0.58169472,1688966480251,1860.89,0.80606735,1860.87,1.44842935
1860.89,0.80606735,1688966480251,1860.97,0.48181033,1860.87,1.44842935
1860.97,0.48181033,1688966480251,1860.99,1.34345402,1860.87,1.44842935
1860.99,1.2359376,1688966480251,1860.99,0.10751642,1860.87,1.44842935
1860.99,0.10751642,1688966480255,1861.00,1.34336805,1860.93,0.43953000
1861,1.34336805,1688966480255,1861.04,1.33594481,1860.93,0.43953000
1861.04,1.33594481,1688966480255,1861.10,0.90132107,1860.93,0.43953000
1861.1,0.90132107,1688966480255,1861.11,0.90132107,1860.93,0.43953000
1860.96,0.56,1688966480255,1861.11,0.90132107,1860.94,0.43953000
1861.18,0.14356904,1688966480258,1861.20,2.68644127,1860.94,0.43953000
1861.2,2.68644127,1688966480258,1861.24,0.42640227,1860.94,0.43953000
1861.24,0.42640227,1688966480258,1861.36,0.50000000,1860.94,0.43953000
1860.99,0.56,1688966480261,1861.36,0.50000000,1860.94,0.43953000
1861.09,0.56,1688966480266,1861.11,0.99337092,1860.99,1.41096000
1861.11,0.34132,1688966480266,1861.11,0.65205092,1860.99,1.41096000
1861.62,0.01336683,1688966484515,1861.62,0.14778417,1861.55,0.16115100
1861.56,0.161153,1688966484587,1861.63,0.16115300,1861.55,0.16115100
1861.51,0.54499594,1688966487063,1861.53,0.16115900,1861.50,1.39000000
1861.5,0.57886688,1688966487063,1861.53,0.16115900,1861.50,0.81113312
1861.5,0.00481759,1688966492215,1861.50,0.54867176,1861.48,1.76763983
1861.47,0.00831253,1688966495798,1861.47,2.31320619,1861.46,0.10056098
1861.46,0.10056098,1688966497785,1861.47,1.92640519,1861.46,0.10462217
1861.46,0.10462217,1688966497785,1861.47,1.92640519,1861.35,1.39000000
1861.37,0.07301,1688966498886,1861.37,0.66450804,1861.36,1.50000000
1861.37,0.00676266,1688966498886,1861.37,0.65774538,1861.36,1.50000000
1861.36,0.00620101,1688966498972,1861.37,0.65774538,1861.36,1.49379899
1861.37,0.00165455,1688966500920,1861.37,0.92616083,1861.36,1.54611020
1861.41,0.05185415,1688966503247,1861.41,0.10931785,1861.37,1.22804096
1861.43,0.00481606,1688966503556,1861.43,0.55926683,1861.37,0.95000000
1861.41,0.00534524,1688966503819,1861.41,1.46647251,1861.37,0.95000000
1861.38,0.00208478,1688966505472,1861.38,0.17084522,1861.37,0.95000000
1861.37,0.95,1688966506371,1861.38,0.17084522,1861.37,0.16117100
1861.37,0.161171,1688966506371,1861.38,0.17084522,1861.36,0.05231121
1861.36,0.052309,1688966506371,1861.38,0.17084522,1861.36,0.00000221
1861.36,0.00000221,1688966506371,1861.38,0.17084522,1861.28,0.16117200
1861.27,0.56,1688966506375,1861.36,0.87906000,1861.26,1.86070440
1861.26,1.38,1688966506375,1861.36,0.87906000,1861.26,0.48070440
1861.26,0.4807044,1688966506375,1861.36,0.87906000,1861.25,0.65000000
1861.25,0.65,1688966506375,1861.36,0.87906000,1861.20,1.67083214
1861.2,1.38,1688966506375,1861.36,0.87906000,1861.20,0.29083214
1861.2,0.29083214,1688966506375,1861.36,0.87906000,1861.17,0.80594230
1861.17,0.8059423,1688966506375,1861.36,0.87906000,1861.15,0.95803363
1861.15,0.95803363,1688966506378,1861.36,0.87906000,1861.14,1.39000000
1861.14,1.39,1688966506378,1861.36,0.87906000,1861.09,0.48996478
1861.09,0.48996478,1688966506378,1861.36,1.32148000,1861.08,1.38000000
1861.08,1.38,1688966506378,1861.36,1.32148000,1861.04,1.00000000
1861.16,0.95803,1688966506385,1861.26,0.88195000,1861.16,11.21956076
1861.16,6.28729359,1688966506390,1861.26,1.32148000,1861.16,4.93226717
1861.04,1,1688966506394,1861.21,1.85049000,1861.02,1.39000000
1861.02,0.29648,1688966506394,1861.21,1.85049000,1861.02,1.09352000
1861.02,1.09352,1688966506394,1861.21,2.29291000,1860.98,0.32430030
1860.98,0.3243003,1688966506394,1861.21,2.29291000,1860.96,1.38000000
1860.96,1.38,1688966506394,1861.21,2.29291000,1860.90,1.39000000
1860.91,0.00007361,1688966506839,1860.91,0.16114239,1860.81,0.41353819
1861.01,0.06393033,1688966507938,1861.01,0.09728267,1860.88,0.16120800
1860.97,0.013631,1688966509303,1860.97,0.14757700,1860.92,0.28857369
1860.98,0.06552209,1688966514012,1860.98,0.25689291,1860.93,0.49000000
1861,1.02695836,1688966514261,1861.00,0.45083205,1860.93,0.16120700
1861,0.31649205,1688966514264,1861.04,0.48199669,1860.93,0.16120700
1861.04,0.38689,1688966514265,1861.04,0.09510669,1860.93,0.16120700
1861.04,0.09510669,1688966514265,1861.15,0.80595662,1860.97,1.41096000
1861.15,0.80595662,1688966514268,1861.18,0.43424077,1861.03,0.43953000
1861.18,0.43424077,1688966514268,1861.19,0.32246877,1861.03,0.43953000
1861.19,0.32246877,1688966514268,1861.22,1.34320516,1861.03,0.43953000
1861.22,1.34320516,1688966514268,1861.23,0.65000000,1861.03,0.43953000
1861.23,0.65,1688966514268,1861.24,1.38000000,1861.03,0.43953000
1861.24,1.38,1688966514268,1861.32,1.38000000,1861.03,0.43953000
1861.32,1.38,1688966514268,1861.38,6.75174800,1861.03,0.43953000
1861.11,0.56,1688966514272,1861.13,0.56000000,1861.03,0.43953000
1861.13,0.56,1688966514272,1861.38,6.75174800,1861.03,0.43953000
1861.38,2.68555868,1688966514272,1861.38,4.06618932,1861.14,0.43953000
1861.38,1.38,1688966514272,1861.38,2.68618932,1861.14,0.43953000
1861.38,1.88722809,1688966514272,1861.38,0.79896123,1861.14,0.43953000
1861.15,0.56,1688966514275,1861.40,0.13766202,1861.14,0.43953000
1861.21,0.3432,1688966514279,1861.21,2.07899710,1861.04,0.15173091
1861.33,0.56,1688966514851,1861.61,0.16116300,1861.32,0.16116400
1861.32,0.161164,1688966514851,1861.61,0.16116300,1861.31,0.80588186
1861.31,0.62222504,1688966514851,1861.61,0.16116300,1861.31,0.18365682
1861.69,0.03224108,1688966516448,1861.83,0.16113800,1861.69,0.86889692
1861.81,0.002495,1688966517423,1861.81,0.15864300,1861.69,0.74000000
1861.79,0.00534475,1688966523397,1861.79,0.15579425,1861.69,0.74000000
1861.8,0.02565739,1688966523715,1861.80,0.13548161,1861.69,0.74000000
1861.8,0.0148975,1688966524257,1861.80,0.14624150,1861.69,0.74000000
1861.78,0.0658277,1688966527848,1861.78,0.46259664,1861.74,0.00116392
1861.75,0.00908534,1688966528922,1861.75,0.15205966,1861.74,0.00116392
1861.75,0.00801631,1688966530314,1861.75,0.15312869,1861.74,0.00116392
1861.75,0.51437784,1688966534620,1861.75,0.29655816,1861.74,0.00116392
1861.75,0.00009472,1688966534984,1861.75,0.29646344,1861.74,0.00116392
1861.74,0.00107426,1688966535149,1861.75,0.29646344,1861.74,0.00008966
1861.74,0.00008966,1688966537598,1861.75,0.45760644,1861.60,0.11441030
1861.6,0.08671776,1688966537598,1861.75,0.45760644,1861.60,0.02769254
1861.63,0.66,1688966538932,1861.71,0.80571217,1861.62,0.65109810
1861.62,0.6510981,1688966538932,1861.63,0.88195000,1861.58,0.56000000
1861.58,0.56,1688966538932,1861.63,0.88195000,1861.57,1.38000000
1861.57,1.38,1688966538932,1861.63,0.88195000,1861.52,0.04832271
1861.5,0.49116018,1688966538935,1861.63,1.32148000,1861.49,1.39000000
1861.49,1.39,1688966538935,1861.63,1.32148000,1861.44,1.39000000
1861.44,1.39,1688966538935,1861.63,1.32148000,1861.43,0.80582775
1861.43,0.80582775,1688966538935,1861.63,1.32148000,1861.41,0.50000000
1861.41,0.5,1688966538935,1861.63,1.32148000,1861.40,0.29526848
1861.4,0.29526848,1688966538935,1861.63,1.32148000,1861.39,0.99070995
1861.39,0.99070995,1688966538935,1861.63,1.32148000,1861.38,1.38000000
1861.38,1.38,1688966538935,1861.63,1.32148000,1861.36,2.49089678
1861.39,8.25987683,1688966538964,1861.45,0.44242000,1861.39,5.09415543
1861.39,5.09415543,1688966538968,1861.44,0.38679900,1861.25,0.32278963
1861.21,1,1688966539107,1861.37,0.29495000,1861.00,0.56000000
1861.13,0.0160333,1688966541413,1861.13,0.78992953,1861.04,0.87558034
1861.13,0.01250162,1688966541944,1861.13,0.77742791,1861.04,0.87558034
1861.04,0.00458191,1688966541959,1861.13,0.77742791,1861.04,0.87099843
1861.04,0.64456608,1688966542540,1861.13,0.77742791,1861.04,0.22643235
1861.11,0.02566718,1688966547669,1861.11,0.06180193,1861.06,1.33025613
1861.09,0.68009698,1688966549977,1861.11,0.80597393,1861.08,0.54376676
1861.11,0.80597393,1688966549977,1861.19,1.34331325,1861.09,0.08758302
1861.19,1.34331325,1688966549977,1861.24,1.34319560,1861.09,0.08758302
1861.24,0.0531225,1688966549977,1861.24,1.29007310,1861.09,0.08758302
1861.24,1.2900731,1688966549982,1861.29,0.08763131,1861.09,0.08758302
1861.29,0.08763131,1688966549982,1861.31,1.39000000,1861.09,0.08758302
1861.31,1.39,1688966549982,1861.36,1.00000000,1861.09,0.08758302
1861.36,1,1688966549982,1861.38,2.68618339,1861.09,0.08758302
1861.38,2.68618339,1688966549982,1861.39,1.38000000,1861.09,0.08758302
1861.39,1.38,1688966549982,1861.44,1.39000000,1861.09,0.08758302
1861.3,0.08763131,1688966549986,1861.31,0.56000000,1861.10,1.85049000
1861.31,0.56,1688966549986,1861.44,1.39000000,1861.10,1.85049000
1861.43,0.56,1688966550308,1861.58,0.16116100,1861.41,1.27927262
1861.41,0.78330242,1688966550308,1861.58,0.16116100,1861.41,0.49597020
1861.61,0.0265966,1688966551644,1861.61,0.13455940,1861.49,0.06784294
1861.63,0.00534621,1688966553573,1861.63,0.28285099,1861.55,0.02659648
1861.59,0.03194269,1688966555387,1861.74,0.16114600,1861.59,0.07251972
1861.59,0.02874493,1688966555387,1861.74,0.16114600,1861.59,0.04377479
1861.64,0.07374548,1688966556889,1861.64,0.06054952,1861.49,1.29115200
1861.59,0.03830484,1688966558810,1861.59,0.12285016,1861.52,1.24687274
1861.53,0.02796847,1688966559644,1861.53,1.24300384,1861.52,1.21000000
1861.6,0.161158,1688966563551,1861.61,0.66071696,1861.46,0.72000939
1861.61,0.37579736,1688966563551,1861.61,0.28491960,1861.46,0.72000939
1861.6,0.161158,1688966564361,1861.62,0.13429700,1861.45,0.21184194
1861.62,0.134297,1688966564361,1861.63,1.14759943,1861.45,0.21184194
1861.63,0.95788172,1688966564361,1861.63,0.18971771,1861.45,0.21184194
1861.54,0.00157595,1688966570522,1861.54,0.80421187,1861.42,0.42365470
1861.41,0.01005152,1688966572465,1861.42,0.67872785,1861.41,0.35692180
1861.41,0.06190888,1688966572465,1861.42,0.67872785,1861.41,0.29501292
1861.41,0.29501292,1688966572465,1861.42,0.67872785,1861.38,1.00000000
1861.38,1,1688966572465,1861.42,0.67872785,1861.21,0.18571586
1861.21,0.18571586,1688966572465,1861.42,0.67872785,1861.20,0.80592975
1861.2,0.80592975,1688966572465,1861.42,0.67872785,1861.17,6.18260555
1861.17,4.80260555,1688966572465,1861.42,0.67872785,1861.17,1.38000000
1861.17,1.38,1688966572465,1861.42,0.67872785,1861.15,2.81716967
1861.25,0.56,1688966572472,1861.34,0.88195000,1861.15,0.53683981
1861.15,0.53683981,1688966572472,1861.34,0.88195000,1861.08,0.32127674
1861.08,0.32127674,1688966572472,1861.34,0.88195000,1861.05,1.76756196
1861.05,0.42423455,1688966572472,1861.34,0.88195000,1861.05,1.34332741
1861.05,0.7127489,1688966572472,1861.34,0.88195000,1861.05,0.63057851
1861.23,0.56,1688966572472,1861.34,0.88195000,1861.05,0.63057851
1861.05,0.63057851,1688966572472,1861.34,0.88195000,1861.04,1.00000000
1861.04,1,1688966572472,1861.34,0.88195000,1861.02,1.39000000
1861.02,1.39,1688966572472,1861.34,0.88195000,1860.97,2.68555867
1860.97,2.68555867,1688966572472,1861.34,0.88195000,1860.96,1.39000000
1860.96,1.39,1688966572472,1861.34,0.88195000,1860.94,1.94200000
1860.94,1.6945837,1688966572472,1861.34,0.88195000,1860.94,0.24741630
1861.18,0.10412013,1688966572472,1861.34,0.88195000,1860.94,0.24741630
1861.2,0.56,1688966572475,1861.34,0.88195000,1860.94,0.24741630
1861.1,0.56,1688966572487,1861.11,0.44559428,1861.00,0.49086454
1861.02,10.09424,1688966572510,1861.10,0.29495000,1861.02,2.31437405
1861.05,0.0627518,1688966573494,1861.05,2.72166673,1861.04,0.00500795
1861.05,0.0048159,1688966576270,1861.05,2.71684983,1861.04,0.00500795
1861.05,0.00012138,1688966576335,1861.05,2.15672845,1861.04,0.00500795
1861.05,0.00580745,1688966576368,1861.05,2.15092100,1861.04,0.00500795
1861.05,0.00053766,1688966576780,1861.05,2.15038234,1861.04,0.00500795
1861.05,0.00989372,1688966576787,1861.05,2.14048862,1861.04,0.00500795
1861.04,0.00500795,1688966578241,1861.05,2.14048862,1860.86,0.16120900
1860.86,0.02903084,1688966578241,1861.05,2.14048862,1860.86,0.13217816
1861,0.00778549,1688966579566,1861.00,0.63633035,1860.86,0.16121000
1861.02,0.05113767,1688966579588,1861.02,0.42631809,1860.86,0.16121000
1860.86,0.14308201,1688966580403,1860.96,0.29656866,1860.86,0.01812699
1861.01,0.00261882,1688966584618,1861.01,0.15859118,1860.85,0.16120900
1860.99,0.00694859,1688966585514,1860.99,0.28540274,1860.86,0.06208063
1861.02,0.29255125,1688966586076,1861.04,0.56000000,1860.86,0.22328963
1861.04,0.56,1688966586076,1861.05,1.34341070,1860.86,0.22328963
1861.05,1.3434107,1688966586076,1861.10,0.80597858,1860.86,0.22328963
1861.1,0.0297011,1688966586076,1861.10,0.77627748,1860.86,0.22328963
1861.1,0.77627748,1688966586079,1861.13,0.47963486,1861.08,0.43953000
1861.17,1.39,1688966586083,1861.20,1.39000000,1861.08,0.43953000
1861.2,1.39,1688966586083,1861.21,0.43493070,1861.08,0.43953000
1861.21,0.4349307,1688966586083,1861.23,1.34320060,1861.08,0.43953000
1861.23,1.3432006,1688966586083,1861.26,1.39000000,1861.08,0.43953000
1861.26,1.39,1688966586083,1861.32,1.39000000,1861.08,0.43953000
1861.32,1.39,1688966586083,1861.37,0.65000000,1861.08,0.43953000
1861.37,0.65,1688966586083,1861.38,4.07618523,1861.08,0.43953000
1861.38,1.39,1688966586083,1861.38,2.68618523,1861.08,0.43953000
1861.38,2.68618523,1688966586083,1861.41,0.34826908,1861.08,0.43953000
1861.22,2.27800772,1688966586087,1861.44,1.38000000,1861.08,1.82953000
1861.25,0.56,1688966586227,1861.52,0.32521199,1861.24,2.02865524
1861.24,0.78341431,1688966586227,1861.52,0.32521199,1861.24,1.24524093
1861.61,0.00481715,1688966586409,1861.61,0.55518285,1861.27,1.10137531
1861.36,0.134306,1688966587823,1861.48,0.16116800,1861.35,1.01128386
1861.35,0.46539466,1688966587823,1861.48,0.16116800,1861.35,0.54588920
1861.21,0.88,1688966596387,1861.22,2.18241623,1861.04,0.16118500
1861.13,0.00138082,1688966599725,1861.13,0.48791180,1861.01,0.32392140
1861.14,0.00990988,1688966600130,1861.14,0.15128812,1861.02,0.49000000
1861.13,0.01595505,1688966601847,1861.13,0.46997447,1861.05,0.13000000
1861.08,0.00471,1688966609567,1861.16,1.48292756,1861.06,0.03365135
1861.06,0.00012575,1688966609567,1861.16,1.48292756,1861.06,0.03352560
1861.16,0.002449,1688966609710,1861.16,0.98085426,1861.06,0.24282833
1861.16,0.04347265,1688966609768,1861.16,0.93738161,1861.07,0.03268486
1861.08,0.00112414,1688966612205,1861.16,0.93738161,1861.08,0.57329241
1861.16,0.03830443,1688966614466,1861.16,0.89907718,1861.08,0.57329241
1861.16,0.10230594,1688966615054,1861.16,0.79677124,1861.09,0.42632504
1861.17,0.00481691,1688966616656,1861.17,0.48248147,1861.09,0.42632504
1861.18,0.01568408,1688966617259,1861.18,0.79030178,1861.10,0.10212827
1861.23,0.0021438,1688966622120,1861.23,0.49235539,1861.16,0.66012717
1861.24,0.48221831,1688966624410,1861.25,0.90265595,1861.17,0.58022036
1861.25,0.05163655,1688966624410,1861.25,0.85101940,1861.17,0.58022036
1861.25,0.00021482,1688966624439,1861.25,0.85080458,1861.17,0.58022036
1861.25,0.01256875,1688966624672,1861.25,1.39966126,1861.17,0.58022036
1861.24,0.00156672,1688966624845,1861.24,0.49013765,1861.17,0.58022036
1861.24,0.00481689,1688966627600,1861.24,0.29075543,1861.17,0.64961036
1861.18,0.00034153,1688966631485,1861.24,0.28588562,1861.18,0.63479816
1861.18,0.51759512,1688966633449,1861.24,0.28588562,1861.18,0.11720304
1861.25,0.00011832,1688966636640,1861.25,1.67599100,1861.17,0.82247906
1861.27,0.11764641,1688966638347,1861.27,1.11488192,1861.20,0.07834909
1861.2,0.07834909,1688966640251,1861.27,0.50600628,1861.17,0.06939000
1861.17,0.06939,1688966640251,1861.27,0.50600628,1861.15,0.00734698
1861.15,0.00139698,1688966640251,1861.27,0.50600628,1861.15,0.00595000
1861.15,0.00595,1688966640251,1861.27,0.50600628,1861.14,0.58029135
1861.14,0.43936579,1688966640251,1861.27,0.50600628,1861.14,0.14092556
1861.26,0.0029946,1688966647577,1861.26,0.67981941,1861.13,0.06049506
1861.25,0.05185972,1688966650286,1861.25,0.10932928,1861.13,0.06049506
1861.28,0.07978552,1688966655553,1861.28,1.11250301,1861.18,0.39792988
1861.28,0.08003887,1688966655995,1861.28,0.74282855,1861.18,0.39792988
1861.26,0.0098951,1688966657209,1861.26,0.43452264,1861.14,0.16118700
1861.25,0.00314883,1688966657645,1861.25,0.31922717,1861.14,0.16118900
1861.27,0.01968554,1688966661740,1861.27,1.12474715,1861.14,0.63374933
1861.13,0.00122506,1688966663865,1861.26,0.16118700,1861.13,0.05927000
1861.13,0.0004245,1688966663865,1861.26,0.16118700,1861.13,0.05884550
1861.26,0.0133646,1688966664760,1861.26,0.14782240,1861.13,0.05884550
1861.25,0.0622392,1688966669525,1861.25,0.09894880,1861.14,0.33855163
1861.26,0.05,1688966670336,1861.26,0.67118800,1861.14,0.16118800
1861.14,0.4568141,1688966671544,1861.26,0.16118700,1861.13,0.06311550
1861.13,0.0588455,1688966671544,1861.26,0.16118700,1861.13,0.00427000
1861.13,0.00427,1688966671544,1861.26,0.16118700,1861.12,0.16118700
1861.12,0.04129111,1688966671544,1861.26,0.16118700,1861.12,0.11989589
1861.23,0.00053369,1688966676358,1861.23,0.16065531,1861.11,0.16118900
1861.25,0.00214372,1688966680831,1861.25,0.57290428,1861.10,0.35410358
1861.1,0.01217999,1688966681010,1861.25,0.41386000,1861.10,0.34192359
1861.24,0.161189,1688966681373,1861.25,0.41386000,1861.10,0.34192359
1861.25,0.19370099,1688966681373,1861.25,0.22015901,1861.10,0.34192359
1861.25,0.01261105,1688966681741,1861.25,0.20754796,1861.12,0.16118800
1861.24,0.01336453,1688966685364,1861.24,0.37769805,1861.20,0.05379320
1861.2,0.00145497,1688966689399,1861.23,0.29438828,1861.20,0.05233823
1861.23,0.00261844,1688966694042,1861.23,0.45135954,1861.20,0.05233823
1861.23,0.11508795,1688966695065,1861.23,0.04610105,1861.20,0.05233823
1861.24,0.00193614,1688966696326,1861.24,0.53695091,1861.20,0.05233823
1861.24,0.00481668,1688966696689,1861.24,0.53213423,1861.20,0.05233823
1861.2,0.05233823,1688966697707,1861.24,0.53213423,1861.12,0.00283162
1861.12,0.00283162,1688966697707,1861.24,0.53213423,1861.11,0.03803908
1861.11,0.03803908,1688966697707,1861.24,0.53213423,1861.10,0.16118500
1861.1,0.161185,1688966697707,1861.24,0.53213423,1861.09,0.16118900
1861.09,0.161189,1688966697707,1861.24,0.53213423,1861.07,1.39559388
1861.07,0.09045733,1688966697707,1861.24,0.53213423,1861.07,1.30513655
1861.23,0.00481668,1688966698976,1861.23,0.15637332,1861.12,0.52000000
1861.19,0.01785717,1688966700792,1861.23,0.54152330,1861.19,2.10752888
1861.19,0.02038621,1688966700848,1861.23,0.54152330,1861.19,2.08714267
1861.19,0.01194667,1688966700973,1861.23,0.54152330,1861.19,2.07519600
1861.2,0.15990614,1688966702740,1861.20,0.34706386,1861.19,2.07519600
1861.2,0.00481668,1688966703796,1861.20,0.34224718,1861.19,2.20519600
1861.19,0.80980995,1688966704856,1861.20,0.34224718,1861.19,1.39538605
1861.19,0.09371637,1688966704856,1861.20,0.34224718,1861.19,1.30166968
1861.19,1.17166968,1688966704856,1861.20,0.34224718,1861.19,0.13000000
1861.19,0.13,1688966704856,1861.20,0.34224718,1861.09,0.16118600
1861.04,0.47247639,1688966705130,1861.12,0.94574000,1861.01,0.32392140
1861.01,0.3239214,1688966705130,1861.12,0.94574000,1861.00,0.80601574
1861,0.80601574,1688966705130,1861.12,0.94574000,1860.98,1.38000000
1860.86,0.09308511,1688966706463,1860.86,0.14843489,1860.85,0.91000000
1860.85,0.01271993,1688966711310,1860.86,0.69996732,1860.85,0.89728007
1860.86,0.14843489,1688966712723,1860.86,0.55153243,1860.85,0.89728007
1860.86,0.55153243,1688966712723,1860.90,0.28880507,1860.85,0.89728007
1860.9,0.28880507,1688966712723,1860.91,0.16121600,1860.85,0.89728007
1860.91,0.161216,1688966712723,1860.92,0.72121600,1860.85,0.89728007
1860.92,0.161216,1688966712723,1860.92,0.56000000,1860.85,0.89728007
1860.92,0.56,1688966712723,1860.94,0.13434700,1860.85,0.89728007
1860.94,0.134347,1688966712723,1860.96,1.37030718,1860.85,0.89728007
1860.96,0.82800004,1688966712723,1860.96,0.54230714,1860.85,0.89728007
1860.96,0.54230714,1688966712723,1860.97,2.14950015,1860.85,0.89728007
1860.97,1.34346845,1688966712723,1860.97,0.80603170,1860.85,0.89728007
1860.97,0.8060317,1688966712723,1861.01,0.86950750,1860.85,0.89728007
1861.01,0.21623667,1688966712723,1861.01,0.65327083,1860.85,0.89728007
1860.88,1.02,1688966712922,1860.99,4.75341005,1860.83,0.00363000
1860.83,0.00363,1688966712922,1860.99,4.75341005,1860.81,0.00232156
1860.81,0.00232156,1688966712922,1860.99,4.75341005,1860.79,0.13434000
1860.79,0.13434,1688966712922,1860.99,4.75341005,1860.78,0.32487700
1860.78,0.324877,1688966712993,1860.79,1.42925006,1860.65,1.00000000
1860.67,0.07819681,1688966714373,1860.67,1.33276319,1860.60,1.38000000
1860.6,0.01207338,1688966714415,1860.67,2.13892660,1860.60,1.36792662
1860.62,0.06817,1688966717547,1860.65,0.53316629,1860.61,1.21000000
1860.65,0.00157999,1688966717547,1860.65,0.53158630,1860.61,1.21000000
1860.65,0.00534699,1688966718111,1860.65,0.52623931,1860.61,1.21000000
1860.63,0.00534246,1688966719698,1860.63,0.31068754,1860.62,0.61000000
1860.63,0.22418897,1688966720117,1860.63,0.08649857,1860.62,0.61000000
1860.62,0.61,1688966721949,1860.65,0.52623931,1860.50,0.30000000
1860.48,0.32618476,1688966721953,1860.50,0.43953000,1860.46,0.51874066
1860.46,0.51874066,1688966721953,1860.50,0.43953000,1860.43,1.81283955
1860.43,0.43283955,1688966721953,1860.50,0.43953000,1860.43,1.38000000
1860.43,1.38,1688966721953,1860.50,0.43953000,1860.42,1.00000000
1860.42,1,1688966721953,1860.50,0.43953000,1860.36,2.66706977
1860.36,0.47077538,1688966721953,1860.50,0.43953000,1860.36,2.19629439
1860.36,1.39,1688966721953,1860.50,0.43953000,1860.36,0.80629439
1860.36,0.80629439,1688966721953,1860.50,0.43953000,1860.35,0.13405322
1860.35,0.13405322,1688966721953,1860.50,0.43953000,1860.30,1.38000000
1860.46,0.56,1688966721957,1860.50,0.43953000,1860.30,1.38000000
1860.3,1.38,1688966721957,1860.50,0.43953000,1860.24,1.39000000
1860.24,1.39,1688966721957,1860.50,0.43953000,1860.23,4.03032396
1860.23,2.68640998,1688966721957,1860.50,0.43953000,1860.23,1.34391398
1860.23,1.34391398,1688966721957,1860.50,0.43953000,1860.18,1.38000000
1860.4,0.49296609,1688966721962,1860.43,0.44242000,1860.29,0.98300735
1860.29,0.98300735,1688966721963,1860.43,0.44242000,1860.18,1.38000000
1860.35,0.29978979,1688966721967,1860.43,0.44242000,1860.18,1.38000000
1860.18,1.38,1688966721977,1860.25,0.44242000,1860.15,1.73000000
1860.19,0.17997,1688966724729,1860.19,0.00000176,1860.14,1.41096000
1860.19,0.00000176,1688966724733,1860.23,0.48371878,1860.15,0.38706000
1860.23,0.48370824,1688966724733,1860.23,0.00001054,1860.15,0.38706000
1860.26,0.32338,1688966724816,1860.26,0.00000774,1860.25,1.41096000
1860.27,0.28652308,1688966730133,1860.27,0.71347692,1860.26,1.46481798
1860.27,0.00156457,1688966730264,1860.27,0.71191235,1860.26,1.46481798
1860.27,0.71191235,1688966731769,1860.36,0.56000000,1860.26,1.46481798
1860.36,0.56,1688966731769,1860.38,1.34389816,1860.26,1.46481798
1860.38,0.02371337,1688966731769,1860.38,1.32018479,1860.26,1.46481798
1860.38,0.81321018,1688966731769,1860.38,0.50697461,1860.26,1.46481798
1860.38,0.50697461,1688966731776,1860.39,0.80628409,1860.31,0.43953000
1860.39,0.80628409,1688966731776,1860.45,1.70393611,1860.31,0.43953000
1860.45,0.0767413,1688966731776,1860.45,1.62719481,1860.31,0.43953000
1860.45,0.24719481,1688966731776,1860.45,1.38000000,1860.31,0.43953000
1860.45,1.38,1688966731776,1860.48,1.39000000,1860.31,0.43953000
1860.48,0.81090304,1688966731776,1860.48,0.57909696,1860.31,0.43953000
1860.48,0.57909696,1688966731777,1860.51,1.34371880,1860.31,0.43953000
1860.51,1.3437188,1688966731777,1860.54,1.38000000,1860.31,0.43953000
1860.54,1.38,1688966731777,1860.57,2.68640999,1860.31,0.43953000
1860.57,2.68640999,1688966731777,1860.60,1.39000000,1860.31,0.43953000
1860.6,1.39,1688966731777,1860.64,0.65000000,1860.31,0.43953000
1860.64,0.65,1688966731777,1860.66,1.39000000,1860.31,0.43953000
1860.66,1.39,1688966731777,1860.68,2.68720342,1860.31,0.43953000
1860.68,2.68720342,1688966731788,1860.72,1.82377605,1860.37,0.43953000
1860.72,1.39,1688966731804,1860.72,0.43377605,1860.55,0.97033092
1860.72,0.43377605,1688966731804,1860.77,10.21206884,1860.55,0.97033092
1860.9,0.03299379,1688966731966,1860.90,0.44627497,1860.67,0.51543629
1860.75,0.01331,1688966736216,1860.80,0.49152291,1860.72,0.13325335
1860.72,0.13325335,1688966736216,1860.80,0.49152291,1860.71,0.22091388
1860.71,0.01661141,1688966736216,1860.80,0.49152291,1860.71,0.20430247
1860.69,0.03364469,1688966743051,1860.80,0.16122700,1860.68,0.34460761
1860.68,0.19054428,1688966743051,1860.80,0.16122700,1860.68,0.15406333
1860.8,0.10534332,1688966743244,1860.80,0.05588368,1860.68,0.15406333
1860.64,0.00254283,1688966747739,1860.64,0.17089207,1860.59,0.07432017
1860.64,0.00261974,1688966748941,1860.64,0.16954374,1860.59,0.07432017
1860.64,0.0109118,1688966749009,1860.64,0.15863194,1860.59,0.07432017
1860.63,0.0518745,1688966754338,1860.63,0.10936650,1860.59,0.07432017
1860.59,0.00939462,1688966754671,1860.64,0.40000000,1860.59,0.06492555
1860.64,0.03,1688966759206,1860.64,0.37000000,1860.59,0.06492555
1860.65,0.00581035,1688966760212,1860.65,0.56843338,1860.59,0.06492555
1860.65,0.00005695,1688966760707,1860.65,0.56837643,1860.59,0.06492555
1860.59,0.00201501,1688966760841,1860.65,0.56837643,1860.59,0.06291054
1860.63,0.05722091,1688966761328,1860.63,0.43459641,1860.59,0.35804810
1860.6,0.21858606,1688966762749,1860.60,0.79886394,1860.59,0.35804810
1860.59,0.06291054,1688966763153,1860.60,0.79886394,1860.59,0.29513756
1860.59,0.04348564,1688966763153,1860.60,0.79886394,1860.59,0.25165192
1860.6,0.02693664,1688966764737,1860.60,0.77192730,1860.59,0.25165192
1860.6,0.06651612,1688966765629,1860.60,0.70541118,1860.59,1.25165192
1860.63,0.29618585,1688966766601,1860.64,0.96000000,1860.59,1.25165192
1860.64,0.01336906,1688966767255,1860.64,0.38663094,1860.63,1.11376503
1860.63,0.00201502,1688966769529,1860.64,0.83691094,1860.63,1.11175001
1860.64,0.03924935,1688966771283,1860.64,0.41103065,1860.63,1.11175001
1860.65,0.01069524,1688966772039,1860.65,0.55768119,1860.63,1.11175001
1860.65,0.00106952,1688966772883,1860.65,0.55661167,1860.63,1.11175001
1860.63,1.11175001,1688966775491,1860.64,0.84535000,1860.63,0.73919182
1860.63,0.63452298,1688966775491,1860.64,0.84535000,1860.63,0.10466884
1860.63,0.10466701,1688966775491,1860.64,0.84535000,1860.63,0.00000183
1860.63,0.00000183,1688966775491,1860.64,0.84535000,1860.59,1.25165192
1860.59,0.25165192,1688966775491,1860.60,0.44242000,1860.59,1.00000000
1860.59,1,1688966775491,1860.60,0.44242000,1860.44,0.49378200
1860.44,0.493782,1688966775497,1860.45,0.43953000,1860.42,0.29446382
1860.42,0.29446382,1688966775497,1860.45,0.43953000,1860.41,1.38000000
1860.41,1.38,1688966775500,1860.45,0.43953000,1860.36,2.03000000
1860.36,1.38,1688966775500,1860.45,0.43953000,1860.36,0.65000000
1860.36,0.65,1688966775500,1860.45,0.43953000,1860.35,1.00000000
1860.35,0.4920025,1688966775500,1860.45,0.43953000,1860.35,0.50799750
1860.35,0.5079975,1688966775511,1860.42,0.56000000,1860.34,0.32540231
1860.34,0.32540231,1688966775511,1860.42,0.56000000,1860.33,0.95066618
1860.33,0.95066618,1688966775511,1860.42,0.56000000,1860.30,1.39000000
1860.3,1.39,1688966775511,1860.42,0.56000000,1860.24,1.39000000
1860.24,1.2742775,1688966775511,1860.42,0.56000000,1860.24,0.11572250
1860.09,0.13,1688966775929,1860.19,0.58797000,1860.09,0.03127900
1860.21,0.161277,1688966776874,1860.22,0.49705380,1860.09,0.78983823
1860.22,0.12675863,1688966776874,1860.22,0.37029517,1860.09,0.78983823
1860.18,0.21858606,1688966781668,1860.23,0.10069000,1860.18,1.06268594
1860.22,0.36049279,1688966784372,1860.22,0.29898848,1860.18,0.90141394
1860.22,0.29898848,1688966784372,1860.23,0.90704461,1860.18,0.90141394
1860.23,0.08973569,1688966784372,1860.23,0.81730892,1860.18,0.90141394
1860.23,0.01095431,1688966784375,1860.23,0.80635461,1860.21,1.39000000
1860.23,0.80635461,1688966784375,1860.30,0.32160973,1860.21,1.39000000
1860.3,0.32160973,1688966784375,1860.31,1.34394873,1860.21,1.39000000
1860.31,1.02233027,1688966784375,1860.31,0.32161846,1860.21,1.39000000
1860.31,0.32161846,1688966784375,1860.36,1.34383037,1860.21,1.39000000
1860.36,1.34383037,1688966784375,1860.51,0.04844659,1860.21,1.39000000
1860.51,0.04844659,1688966784375,1860.52,0.04844659,1860.21,1.39000000
1860.52,0.04844659,1688966784375,1860.53,2.73585821,1860.21,1.39000000
1860.53,0.04844659,1688966784375,1860.53,2.68741162,1860.21,1.39000000
1860.53,1.2121865,1688966784375,1860.53,1.47522512,1860.21,1.39000000
1860.53,1.47522512,1688966784375,1860.56,0.65000000,1860.21,1.39000000
1860.56,0.65,1688966784375,1860.57,2.73485658,1860.21,1.39000000
1860.57,0.04844659,1688966784375,1860.57,2.68640999,1860.21,1.39000000
1860.57,2.68640999,1688966784375,1860.59,0.34826908,1860.21,1.39000000
1860.23,0.97324813,1688966784378,1860.46,0.03684759,1860.22,0.43953000
1860.46,0.03684759,1688966784379,1860.59,0.34826908,1860.22,0.43953000
1860.56,0.01257503,1688966786938,1860.56,0.98742497,1860.51,0.93074520
1860.56,0.05605098,1688966790064,1860.56,0.93137399,1860.55,1.77350217
1860.55,0.01005616,1688966794211,1860.56,3.67910675,1860.55,0.05380662
1860.55,0.05380662,1688966794211,1860.56,3.67910675,1860.38,1.39000000
1860.4,0.05312596,1688966796501,1860.44,0.14697392,1860.40,1.75568417
1860.44,0.05604104,1688966797084,1860.44,0.09093288,1860.40,1.75568417
1860.4,0.06438011,1688966801013,1860.47,0.47652258,1860.40,0.15130406
1860.54,0.02674415,1688966802211,1860.54,0.53325585,1860.32,0.16125400
1860.41,0.00297762,1688966805668,1860.41,0.31954338,1860.26,0.84000000
1860.41,0.0053488,1688966805721,1860.41,0.15591120,1860.26,0.84000000
1860.39,0.00213405,1688966807512,1860.39,0.52258591,1860.28,1.23000000
1860.39,0.03811654,1688966810361,1860.39,1.64573237,1860.29,0.55000000
1860.39,0.00001611,1688966810390,1860.39,1.48445326,1860.30,0.16126100
1860.3,1.04094,1688966813264,1860.31,0.43802000,1860.30,0.48906000
1860.3,0.48906,1688966813267,1860.31,0.43802000,1860.13,0.28728252
1860.13,0.28728252,1688966813267,1860.31,0.43802000,1860.12,1.39000000
1860.12,1.39,1688966813267,1860.31,0.43802000,1860.11,0.32402364
1860.11,0.32402364,1688966813267,1860.31,0.43802000,1860.09,0.50174038
1860.09,0.00467719,1688966813272,1860.14,0.44242000,1860.09,0.49706319
1860.09,0.00516104,1688966813272,1860.14,0.44242000,1860.09,0.49190215
1860.09,0.49190215,1688966813272,1860.14,0.44242000,1860.08,0.80641336
1860.08,0.80641336,1688966813272,1860.14,0.44242000,1860.07,0.50000000
1860.07,0.5,1688966813272,1860.14,0.44242000,1860.02,0.48958107
1860.02,0.48958107,1688966813272,1860.14,0.44242000,1860.01,3.68640998
1860.01,2.68640998,1688966813272,1860.14,0.44242000,1860.01,1.00000000
1860.01,1,1688966813272,1860.14,0.44242000,1860.00,37.63840725
1860,0.01340725,1688966813272,1860.14,0.44242000,1860.00,37.62500000
1860,10.70298048,1688966813272,1860.14,0.44242000,1860.00,26.92201952
1860,26.92201952,1688966813272,1860.14,0.44242000,1859.98,0.98442842
1859.98,0.98442842,1688966813272,1860.14,0.44242000,1859.94,1.39000000
1860.12,0.56,1688966813276,1860.14,0.43953000,1859.94,1.39000000
1859.82,0.53247505,1688966815256,1859.82,0.56333495,1859.81,0.48000000
1859.84,0.21299082,1688966816176,1859.84,0.27134102,1859.79,1.71445201
1859.8,0.05605098,1688966817964,1859.85,0.28038507,1859.80,0.73394902
1859.85,0.28038507,1688966820646,1859.90,0.80649859,1859.80,0.73394902
1859.9,0.80648493,1688966820646,1859.90,0.00001366,1859.80,0.73394902
1859.9,0.00001366,1688966820646,1859.93,1.90421972,1859.80,0.73394902
1859.93,0.58251122,1688966820649,1859.93,1.32170850,1859.90,0.44242000
1859.93,0.7617085,1688966820649,1859.93,0.56000000,1859.90,0.44242000
1859.93,0.56,1688966820649,1860.06,1.39000000,1859.90,0.44242000
1860.06,1.39,1688966820652,1860.09,1.34402556,1859.90,0.44242000
1860.09,1.34402556,1688966820656,1860.11,0.42292196,1859.91,0.38711600
1860.11,0.42292196,1688966820656,1860.12,1.39000000,1859.91,0.38711600
1860.12,1.39,1688966820656,1860.15,0.65000000,1859.91,0.38711600
1860.15,0.65,1688966820656,1860.18,4.07791834,1859.91,0.38711600
1860.18,1.39,1688966820660,1860.24,1.39000000,1859.95,1.41096000
1860.06,0.05117286,1688966820662,1860.06,0.50882714,1859.95,1.41096000
1860.06,0.50882714,1688966820664,1860.24,1.39000000,1859.94,1.11539120
1860.08,0.5,1688966820664,1860.08,0.06000000,1859.94,1.11539120
1860.08,0.06,1688966820664,1860.24,1.39000000,1859.94,1.11539120
1860.44,0.01490598,1688966821191,1860.44,0.14635902,1860.16,0.56000000
1860.65,0.03408557,1688966822597,1860.65,0.22043443,1860.49,0.16124200
1860.5,0.161241,1688966822828,1860.65,0.22043443,1860.49,0.83400003
1860.49,0.83400003,1688966822828,1860.65,0.22043443,1860.48,2.23657604
1860.48,0.34861017,1688966822828,1860.65,0.22043443,1860.48,1.88796587
1860.64,0.01337085,1688966823545,1860.64,0.14787215,1860.49,0.94731597
1860.53,0.48998229,1688966825139,1860.64,1.14447539,1860.52,0.84657607
1860.64,0.02176709,1688966825139,1860.64,1.12270830,1860.52,0.84657607
1860.64,0.0009044,1688966828272,1860.65,0.22043443,1860.64,1.41005560
1860.65,0.10741443,1688966828918,1860.65,0.11302000,1860.64,1.41005560
1860.65,0.11302,1688966828918,1860.71,2.68640999,1860.64,1.41005560
1860.71,0.37956557,1688966828918,1860.71,2.30684442,1860.64,1.41005560
1860.71,0.10749286,1688966830128,1860.71,3.17973728,1860.70,1.77162174
1860.71,0.00246881,1688966833524,1860.71,3.17726847,1860.70,1.77162174
1860.71,0.00241687,1688966842814,1860.71,2.19446588,1860.62,0.22986145
1860.61,0.07385628,1688966845443,1860.66,1.41096000,1860.60,0.36159740
1860.6,0.3615974,1688966845443,1860.66,1.41096000,1860.59,0.06024987
1860.59,0.06024987,1688966845443,1860.66,1.41096000,1860.55,0.12840925
1860.55,0.12840925,1688966845446,1860.66,1.41096000,1860.53,1.39000000
1860.53,1.39,1688966845446,1860.66,1.41096000,1860.48,1.04138983
1860.48,1.04138983,1688966845446,1860.66,1.41096000,1860.46,2.00000000
1860.46,2,1688966845446,1860.66,1.41096000,1860.43,0.63647150
1860.43,0.6364715,1688966845446,1860.66,1.41096000,1860.42,1.34378014
1860.42,1.34378014,1688966845446,1860.66,1.41096000,1860.40,1.94000000
1860.4,1.38,1688966845446,1860.66,1.41096000,1860.40,0.56000000
1860.4,0.56,1688966845446,1860.66,1.41096000,1860.35,1.39000000
1860.35,1.39,1688966845446,1860.66,1.41096000,1860.33,0.16575708
1860.33,0.16575708,1688966845446,1860.66,1.41096000,1860.32,0.16575708
1860.31,0.16575708,1688966845449,1860.66,1.41096000,1860.31,1.38142845
1860.31,1.38142845,1688966845449,1860.66,1.41096000,1860.29,1.38000000
1860.43,1.97026817,1688966845449,1860.66,1.41096000,1860.29,1.38000000
1860.41,0.05323392,1688966847087,1860.41,0.56258060,1860.30,0.16126000
1860.24,0.161263,1688966850847,1860.40,0.69207573,1860.23,0.16126300
1860.23,0.161263,1688966850847,1860.40,0.69207573,1860.21,0.32335171
1860.21,0.16612763,1688966850847,1860.40,0.69207573,1860.21,0.15722408
1860.38,0.60848145,1688966853204,1860.42,1.34386565,1860.23,0.73940967
1860.42,1.34386565,1688966853211,1860.47,0.32282035,1860.39,0.43953000
1860.47,0.32282035,1688966853211,1860.56,0.20625350,1860.39,0.43953000
1860.56,0.2062535,1688966853211,1860.59,0.16796489,1860.39,0.43953000
1860.59,0.16796489,1688966853211,1860.65,8.14833724,1860.39,0.43953000
1860.62,0.05116241,1688966855817,1860.62,0.11008059,1860.47,0.16124300
1860.56,0.01251049,1688966859526,1860.56,0.14874151,1860.36,0.36940906
1860.6,0.01729999,1688966861594,1860.60,0.30519801,1860.39,0.16124800
1860.6,0.02499269,1688966861745,1860.60,0.13625531,1860.40,0.03538589
1860.54,0.00000537,1688966861773,1860.54,0.28519800,1860.42,0.49351520
1860.51,0.0005378,1688966862174,1860.51,0.49299222,1860.44,0.93285623
1860.46,0.00062886,1688966865720,1860.53,0.28726451,1860.46,0.46937114
1860.46,0.00067105,1688966866102,1860.59,0.18859802,1860.46,0.46870009
1860.57,0.01383949,1688966869126,1860.57,0.03651270,1860.46,0.46870009
1860.57,0.00984839,1688966870338,1860.57,0.06626757,1860.46,0.46870009
1860.57,0.00267385,1688966871219,1860.57,0.04848416,1860.46,0.46870009
1860.58,0.02567462,1688966871529,1860.58,0.13557338,1860.46,0.46870009
1860.43,0.00481854,1688966872893,1860.43,0.29510195,1860.38,1.63000000
1860.45,0.00214456,1688966874569,1860.45,0.31288305,1860.38,1.63000000
1860.45,0.00722483,1688966874693,1860.45,0.30565822,1860.38,1.63000000
1860.38,0.61,1688966875504,1860.40,0.90086000,1860.38,1.02000000
1860.38,1.02,1688966875653,1860.39,1.15157034,1860.33,0.00120000
1860.33,0.0012,1688966877400,1860.34,1.71769367,1860.33,1.59000000
1860.33,1.59,1688966877400,1860.34,1.71769367,1860.21,0.15722408
1860.09,0.0866113,1688966878446,1860.10,0.08577000,1860.09,4.15979868
1860.09,2.59979868,1688966879347,1860.10,0.08577000,1860.09,1.56000000
1860.09,1.56,1688966879347,1860.10,0.08577000,1859.98,0.32372463
1859.98,0.01866881,1688966879586,1859.99,4.53259057,1859.98,0.30505582
1859.91,0.05347766,1688966879890,1859.91,0.43539193,1859.87,0.32194808
1859.89,0.05323392,1688966881206,1860.02,0.16129800,1859.89,0.70676608
1859.95,0.00057975,1688966884882,1859.95,0.29254975,1859.92,1.06438127
1859.9,0.00577,1688966887737,1859.97,0.24876547,1859.87,0.32194808
1859.87,0.00520625,1688966887737,1859.97,0.24876547,1859.87,0.31674183
1859.87,0.00237705,1688966888015,1859.97,0.24876547,1859.87,0.31436478
1859.99,0.0048193,1688966888715,1859.99,1.13767138,1859.88,0.71152998
1859.89,0.22571651,1688966889765,1859.89,0.26152350,1859.88,1.91805827
1859.88,0.63345015,1688966892182,1859.89,0.47605327,1859.88,0.76145510
1859.88,0.01695793,1688966894156,1859.98,0.51239787,1859.88,0.06582316
1859.89,0.00267397,1688966894784,1859.89,0.49624664,1859.87,0.37171001
1859.99,0.0024697,1688966897726,1859.99,1.58973120,1859.90,0.24066720
1859.91,0.05118166,1688966899458,1859.91,0.44812777,1859.90,1.87206512
1859.9,0.07107955,1688966899951,1859.94,0.29807559,1859.90,1.80098557
1859.98,0.05886274,1688966900247,1859.98,0.10243526,1859.90,1.80098557
1859.99,0.05046135,1688966906911,1859.99,1.53926985,1859.97,1.60896972
1859.99,0.02940204,1688966906935,1859.99,1.50986781,1859.97,1.60896972
1859.97,0.00271518,1688966908283,1859.99,1.50986781,1859.97,1.60625454
1859.99,0.05189541,1688966910391,1859.99,1.89676266,1859.97,2.02805576
1859.99,0.00481989,1688966911684,1859.99,1.89194277,1859.97,2.02805576
1859.99,0.01257672,1688966917277,1859.99,1.44057579,1859.97,1.60625454
1859.99,0.05189541,1688966918916,1859.99,1.38868038,1859.97,1.60625454
1859.99,0.02799012,1688966919315,1859.99,1.36069026,1859.97,1.60625454
1859.99,0.00261931,1688966925976,1859.99,0.29732841,1859.98,2.76933648
1859.99,0.02292725,1688966929476,1860.00,1.00000000,1859.99,2.81201117
1859.99,0.00828721,1688966937713,1860.00,1.00000000,1859.99,3.09372396
1859.99,1.32715554,1688966943735,1860.00,1.00000000,1859.99,1.77587842
1859.99,0.09656842,1688966943735,1860.00,1.00000000,1859.99,1.67931000
1859.99,1.67,1688966943735,1860.00,1.00000000,1859.99,0.00931000
1859.99,0.00931,1688966943735,1860.00,1.00000000,1859.97,0.68721189
1859.97,0.68721189,1688966943735,1860.00,1.00000000,1859.91,0.16415100
1859.91,0.00286,1688966943735,1860.00,1.00000000,1859.91,0.16129100
1859.91,0.161291,1688966943735,1860.00,1.00000000,1859.90,0.16268892
1859.9,0.00139792,1688966943735,1860.00,1.00000000,1859.90,0.16129100
1859.9,0.161291,1688966943735,1860.00,1.00000000,1859.89,1.74052806
1859.89,0.32240686,1688966943735,1860.00,1.00000000,1859.89,1.41812120
1859.99,0.34428868,1688966943799,1860.00,1.00000000,1859.99,1.06667132
1860,0.000068,1688966945723,1860.00,0.99993200,1859.99,1.65667132
1860,0.06687363,1688966945888,1860.00,0.93305837,1859.99,1.65667132
1860,0.00214513,1688966946464,1860.00,0.97785255,1859.99,0.59000000
1860,0.05606147,1688966947130,1860.00,0.91155295,1859.99,0.59000000
1859.99,0.59,1688966948330,1860.00,0.87485177,1859.91,0.16129100
1859.91,0.161291,1688966948330,1860.00,0.87485177,1859.90,0.16129100
1859.9,0.161291,1688966948330,1860.00,0.87485177,1859.87,0.31436478
1859.87,0.31436478,1688966948330,1860.00,0.87485177,1859.84,0.40000000
1859.84,0.4,1688966948330,1860.00,0.87485177,1859.83,0.94709800
1859.83,0.37305322,1688966948330,1860.00,0.87485177,1859.83,0.57404478
1859.83,0.03078856,1688966948401,1859.99,0.54841700,1859.82,1.43547083
1859.82,0.02622922,1688966948401,1859.99,0.54841700,1859.82,1.40924161
1859.99,0.0446,1688966949637,1860.00,0.87485177,1859.99,3.06196492
1860,0.01064516,1688966953476,1860.00,0.86420661,1859.99,3.32677246
1860,0.03852148,1688966953804,1860.00,0.82568513,1859.99,3.32677246
1860,0.00267473,1688966958139,1860.00,1.25889197,1859.99,1.71523277
1860,0.01257659,1688966958148,1860.00,1.24631538,1859.99,1.71523277
1860,0.02568277,1688966958310,1860.00,1.22063261,1859.99,1.71523277
1859.99,0.1,1688966960909,1860.00,1.19059795,1859.99,1.61523277
1860,0.01257659,1688966962721,1860.00,1.17802136,1859.99,1.61523277
1860,0.02568277,1688966965909,1860.00,0.74649168,1859.99,3.75883186
1860,0.00214513,1688966967148,1860.00,0.74434655,1859.99,3.55883186
1860,0.02507496,1688966967662,1860.00,0.71927159,1859.99,3.55883186
1859.99,0.04228172,1688966968062,1860.00,0.71927159,1859.99,3.51655014
1860,0.00802419,1688966970723,1860.00,0.71124740,1859.99,2.07115534
1860,0.00052289,1688966972151,1860.00,0.71072451,1859.99,2.07115534
1860,0.02568277,1688966972569,1860.00,0.68504174,1859.99,2.07115534
1859.99,0.03431201,1688966973489,1860.00,0.68504174,1859.99,2.03684333
1860,0.00532258,1688966974624,1860.00,0.75793858,1859.99,2.09068226
1860,0.00631975,1688966975635,1860.00,0.96717335,1859.99,3.55504995
1860,0.67339941,1688966983119,1860.00,0.57861760,1859.99,1.72141907
1860,0.39135417,1688966983119,1860.00,0.18726343,1859.99,1.72141907
1860,0.00266129,1688966985066,1860.00,0.17987871,1859.99,1.72141907
1860,0.01010717,1688966989010,1860.00,0.22385756,1859.99,1.72141907
1859.99,0.00588856,1688966992855,1860.00,0.22385756,1859.99,3.59184675
1860,0.00214513,1688966992946,1860.00,0.22171243,1859.99,3.59184675
1860,0.00214513,1688966993279,1860.00,1.21956730,1859.99,3.59184675
1860,0.07824726,1688966994096,1860.00,5.14268873,1859.99,3.59184675
1859.99,0.00192163,1688966994652,1860.00,5.14268873,1859.99,2.28881512
1860,0.00534946,1688966997756,1860.00,4.97414770,1859.99,2.55358512
1860,0.0005403,1688966999090,1860.00,4.97360740,1859.99,4.00358512
1860,0.0098521,1688967006035,1860.00,5.11189530,1859.99,4.12371225
1860,0.07149216,1688967006529,1860.00,5.04040314,1859.99,4.12371225
1860,0.05408602,1688967006529,1860.00,4.98631712,1859.99,4.12371225
1860,0.31442182,1688967006529,1860.00,4.67189530,1859.99,4.12371225
1860,0.68557818,1688967006568,1860.00,3.98631712,1859.99,4.12371225
1860,2.84533204,1688967006568,1860.00,1.14098508,1859.99,4.12371225
1860,0.99284508,1688967006568,1860.00,0.14814000,1859.99,4.12371225
1860,0.14814,1688967006568,1860.01,0.16129100,1859.99,4.12371225
1860.11,0.001,1688967006816,1860.11,1.34309324,1860.10,1.88255361
1860.11,0.00422081,1688967008327,1860.11,1.33887243,1860.10,2.21483176
1860.07,0.19864964,1688967016566,1860.10,1.11329173,1860.05,0.00283325
1860.05,0.00283325,1688967016566,1860.10,1.11329173,1860.01,0.24674279
1860.01,0.05478229,1688967016566,1860.10,1.11329173,1860.01,0.19196050
1860.02,0.05275612,1688967018984,1860.06,0.49177979,1860.02,0.62996198
1860,0.57678788,1688967019676,1860.03,0.16128900,1860.00,0.10651156
1860,0.10651156,1688967019676,1860.03,0.16128900,1859.99,0.96131311
1859.99,0.21082885,1688967019676,1860.03,0.16128900,1859.99,0.75048426
1859.99,0.00383,1688967019676,1860.03,0.16128900,1859.99,0.74665426
1859.99,0.00122581,1688967019676,1860.03,0.16128900,1859.99,0.74542845
1859.99,0.32388529,1688967019676,1860.03,0.16128900,1859.99,0.42154316
1859.99,0.42154316,1688967019676,1860.03,0.16128900,1859.93,0.16128900
1859.95,0.01382,1688967019922,1859.95,0.14747700,1859.89,0.60000009
1859.9,0.18570769,1688967021076,1859.94,0.16129800,1859.90,0.28628105
1859.93,0.00481966,1688967022282,1859.93,0.68778357,1859.92,0.16129700
1859.95,0.02555261,1688967026477,1859.95,0.13574339,1859.91,1.21920302
1859.94,0.66,1688967030056,1859.98,0.16129400,1859.94,0.92000000
1860.05,0.01815552,1688967032260,1860.05,0.30441748,1860.04,2.01290891
1860.06,0.00990138,1688967035459,1860.06,1.33422800,1860.05,2.94096000
1860.06,0.00985252,1688967036169,1860.06,1.32437548,1860.05,2.94096000
1860.07,0.0340713,1688967038270,1860.07,0.26508599,1860.00,0.16128800
1860.04,0.02674645,1688967041474,1860.04,0.13454155,1859.98,1.48000000
1859.97,0.02759139,1688967044094,1860.03,0.16129000,1859.97,0.29105991
1859.97,0.29105991,1688967044227,1860.03,0.16129000,1859.96,0.00130000
1859.96,0.0013,1688967044227,1860.03,0.16129000,1859.95,0.16129000
1859.95,0.16129,1688967044227,1860.03,0.16129000,1859.93,0.17134951
1859.93,0.01005951,1688967044227,1860.03,0.16129000,1859.93,0.16129000
1859.93,0.16129,1688967044227,1860.03,0.16129000,1859.92,0.06877291
1859.92,0.06877291,1688967044227,1860.03,0.16129000,1859.91,0.40000000
1859.91,0.4,1688967044227,1860.03,0.16129000,1859.90,1.09277329
1859.9,0.13866022,1688967044227,1860.03,0.16129000,1859.90,0.95411307
1859.9,0.1116099,1688967044227,1860.03,0.16129000,1859.90,0.84250317
1860.04,0.00375924,1688967044268,1860.04,0.15752976,1859.90,0.84250317
1860.07,0.12284248,1688967044817,1860.07,0.03844652,1859.94,0.02956290
1860.07,0.0856195,1688967046453,1860.07,0.07566950,1860.00,0.32740065
1860.07,0.0006618,1688967048082,1860.07,0.16062520,1860.00,0.38320172
1860.01,0.05118083,1688967049092,1860.01,0.23656158,1860.00,0.38320172
1860.07,0.00375928,1688967049705,1860.07,0.48311838,1860.00,0.38320172
1860.08,0.05322438,1688967049940,1860.08,0.26935362,1860.00,0.38320172
1860,0.09102129,1688967052249,1860.01,1.49843882,1860.00,0.29218043
1860,0.01310351,1688967058131,1860.01,1.04219882,1860.00,0.38378122
1860.01,0.02568263,1688967059409,1860.01,1.01651619,1860.00,0.38378122
1860.01,0.10698867,1688967063717,1860.01,0.54106274,1860.00,1.01378122
1860.01,0.14331504,1688967064556,1860.01,1.71100770,1860.00,1.01378122
1860.01,0.00070901,1688967065981,1860.01,0.47781714,1860.00,1.06759838
1860,0.22327585,1688967065999,1860.01,0.47781714,1860.00,0.84432253
1860,0.05580107,1688967065999,1860.01,0.47781714,1860.00,0.78852146
1860,0.1047043,1688967065999,1860.01,0.47781714,1860.00,0.68381716
1860,0.61621878,1688967065999,1860.01,0.47781714,1860.00,0.06759838
1860.03,0.00214512,1688967066159,1860.03,0.15914488,1860.00,0.06759838
1860.01,0.05163408,1688967069522,1860.01,0.43613833,1860.00,0.44471064
1860.01,0.30195306,1688967072011,1860.01,0.16129000,1860.00,0.44471064
1860.01,0.16129,1688967072011,1860.04,0.16129000,1860.00,0.44471064
1860.04,0.04858863,1688967072011,1860.04,0.11270137,1860.00,0.44471064
1860,0.0113951,1688967074846,1860.03,0.16128900,1860.00,1.60947797
1860,0.3133677,1688967082044,1860.01,0.62173142,1860.00,1.29611027
1860,0.05234946,1688967082044,1860.01,0.62173142,1860.00,1.24376081
1860,1.18,1688967082044,1860.01,0.62173142,1860.00,0.06376081
1860,0.06376081,1688967082044,1860.01,0.62173142,1859.97,1.00000000
