last,lastSz,ts,askPx,askSz,bidPx,bidSz
1860.62,0.006,1688965513917,1860.62,26.864,1860.61,27.133599
1860.62,0.006,1688965515580,1860.62,26.864,1860.61,20.359199
1860.62,0.006,1688965515807,1860.62,26.864,1860.61,27.133599
1860.62,0.006,1688965518646,1860.62,26.864,1860.61,17.122249
1860.62,0.006,1688965518794,1860.62,29.02141,1860.61,17.122249
1860.62,0.006,1688965519507,1860.62,29.02141,1860.61,23.896651
1860.62,0.006,1688965521852,1860.62,29.02141,1860.61,17.122249
1860.62,0.006,1688965522758,1860.62,29.02141,1860.61,23.896658
1860.62,0.006,1688965523157,1860.62,29.02141,1860.61,17.122249
1860.62,0.000258,1688965523360,1860.62,29.021152,1860.61,17.122249
1860.61,0.025427,1688965524962,1860.62,29.021152,1860.61,17.096822
1860.62,0.006,1688965525406,1860.62,29.015152,1860.61,17.096822
1860.61,0.017,1688965527566,1860.62,29.015152,1860.61,17.079822
1860.61,0.017,1688965527673,1860.62,29.015152,1860.61,17.079822
1860.62,0.81,1688965531707,1860.62,28.205152,1860.61,17.079822
1860.62,0.81,1688965534263,1860.62,26.047742,1860.61,28.374002
1860.62,0.81,1688965534379,1860.62,26.047742,1860.61,29.143698
1860.62,0.81,1688965534606,1860.62,26.047742,1860.61,28.374002
1860.62,0.81,1688965536307,1860.62,26.047742,1860.61,21.591176
1860.62,0.81,1688965536524,1860.62,26.047742,1860.61,27.091176
1860.62,0.81,1688965536675,1860.62,26.047742,1860.61,28.365585
1860.62,0.006,1688965538827,1860.62,26.041742,1860.61,28.365585
1860.62,0.006,1688965541506,1860.62,26.041742,1860.61,22.865585
1860.62,0.006,1688965541722,1860.62,26.041742,1860.61,28.365585
1860.62,0.006,1688965549269,1860.62,26.035742,1860.61,28.365585
1860.62,0.006,1688965549378,1860.62,26.035742,1860.61,28.365585
1860.62,0.006,1688965550574,1860.62,27.214672,1860.61,25.128635
1860.62,0.006,1688965552107,1860.62,26.035742,1860.61,28.365585
1860.62,0.006,1688965554630,1860.62,27.128762,1860.61,25.128635
1860.62,0.006,1688965556905,1860.62,26.035742,1860.61,25.128635
1860.62,0.006,1688965558374,1860.62,26.035742,1860.61,36.337442
1860.62,0.006,1688965558607,1860.62,26.035742,1860.61,41.623609
1860.62,0.006,1688965559105,1860.62,26.035742,1860.61,40.8488
1860.62,0.006,1688965559307,1860.62,26.035742,1860.61,28.365585
1860.62,0.006,1688965560125,1860.62,26.035742,1860.61,28.365585
1860.62,0.006,1688965562607,1860.62,26.035742,1860.61,22.865585
1860.62,0.006,1688965564007,1860.62,26.035742,1860.61,28.365585
1860.62,0.006,1688965564144,1860.62,26.044025,1860.61,28.365585
1860.62,0.006,1688965567307,1860.62,26.078025,1860.61,28.365585
1860.62,0.006,1688965568605,1860.62,26.078025,1860.61,39.504385
1860.62,0.026047,1688965569041,1860.62,26.051978,1860.61,39.504385
1860.62,0.026047,1688965569169,1860.62,26.051978,1860.61,39.504385
1860.61,0.15045,1688965569512,1860.62,27.381428,1860.61,36.116985
1860.61,0.15045,1688965570106,1860.62,27.381428,1860.61,30.616985
1860.61,0.15045,1688965570207,1860.62,27.381428,1860.61,37.391388
1860.61,0.15045,1688965572108,1860.62,26.051978,1860.61,41.902743
1860.61,0.0075,1688965572607,1860.62,44.647726,1860.61,15.981993
1860.62,2.83938,1688965572858,1860.62,31.437323,1860.61,15.981993
1860.62,2.83938,1688965572990,1860.62,34.182313,1860.61,9.117593
1860.62,2.83938,1688965573106,1860.62,34.182313,1860.61,6.117593
1860.62,2.83938,1688965573607,1860.62,33.418708,1860.61,9.117593
1860.61,0.0075,1688965574706,1860.62,33.418708,1860.61,9.110093
1860.61,0.0075,1688965576410,1860.62,41.62565,1860.61,6.110093
1860.61,0.0075,1688965576775,1860.62,41.62565,1860.61,6.102593
1860.61,0.0075,1688965576876,1860.62,41.62565,1860.61,6.102593
1860.61,0.821438,1688965576977,1860.62,41.62565,1860.61,5.388646
1860.61,0.821438,1688965577106,1860.62,41.62565,1860.61,5.388646
1860.61,3.934645,1688965577207,1860.62,47.421354,1860.61,0.107491
1860.61,3.934645,1688965577352,1860.62,46.345774,1860.61,0.107491
1860.61,3.934645,1688965578492,1860.62,38.138832,1860.61,0.107491
1860.61,3.934645,1688965580308,1860.62,38.138832,1860.61,4.381892
1860.61,3.934645,1688965580413,1860.62,33.418708,1860.61,25.680802
1860.61,0.014599,1688965580687,1860.62,33.418708,1860.61,25.666203
1860.61,0.014599,1688965580788,1860.62,33.418708,1860.61,25.666203
1860.61,0.014599,1688965581107,1860.62,33.418708,1860.61,20.166203
1860.61,0.014599,1688965583712,1860.62,33.418708,1860.61,25.666203
1860.61,0.014599,1688965586014,1860.62,33.418708,1860.61,20.166203
1860.61,0.014599,1688965586468,1860.62,34.770708,1860.61,20.166203
1860.62,1.01,1688965587017,1860.62,33.760708,1860.61,25.666203
1860.62,1.01,1688965587706,1860.62,33.760708,1860.61,20.166203
1860.62,1.01,1688965589025,1860.62,33.760708,1860.61,25.666203
1860.62,1.01,1688965589829,1860.62,33.760708,1860.61,20.166203
1860.62,1.01,1688965590139,1860.62,33.760708,1860.61,25.666203
1860.62,1.01,1688965591089,1860.62,33.760708,1860.61,20.166203
1860.62,1.01,1688965591634,1860.62,31.015718,1860.61,25.666203
1860.62,1.01,1688965591893,1860.62,31.015718,1860.61,26.940611
1860.62,1.01,1688965592105,1860.62,31.015718,1860.61,28.453565
1860.62,1.01,1688965592436,1860.62,28.015718,1860.61,28.453565
1860.65,0.836252,1688965594790,1860.65,0.739012,1860.61,27.731742
1860.65,0.738999,1688965594897,1860.65,0.000013,1860.64,86.093571
1860.67,0.5715,1688965595006,1860.8,0.05,1860.66,145.208662
1860.67,0.5715,1688965595107,1860.8,0.05,1860.79,106.100199
1860.67,0.5715,1688965595208,1860.8,7.63804,1860.79,113.489019
1860.67,0.5715,1688965596354,1860.8,8.39304,1860.79,113.489019
1860.67,0.5715,1688965596557,1860.8,0.805,1860.79,113.489019
1860.67,0.5715,1688965596905,1860.8,0.805,1860.79,114.564599
1860.8,0.004014,1688965597259,1860.8,0.800986,1860.79,115.780599
1860.8,0.004014,1688965597360,1860.8,0.800986,1860.79,114.705019
1860.8,0.004014,1688965597563,1860.8,0.800986,1860.79,115.780599
1860.8,0.004014,1688965597772,1860.8,0.800986,1860.79,114.705019
1860.8,0.004014,1688965599862,1860.8,0.800986,1860.79,115.780599
1860.8,0.004014,1688965600174,1860.8,0.800986,1860.79,114.705019
1860.8,0.004014,1688965600277,1860.8,0.800986,1860.79,115.780599
1860.8,0.004014,1688965600384,1860.8,0.800986,1860.79,114.705019
1860.8,0.004014,1688965600606,1860.8,0.800986,1860.79,115.780599
1860.8,0.004014,1688965601078,1860.8,0.800986,1860.79,114.705019
1860.8,0.004014,1688965601306,1860.8,0.800986,1860.79,115.780599
1860.8,0.004014,1688965601461,1860.8,0.800986,1860.79,114.705019
1860.8,0.004014,1688965602262,1860.8,0.800986,1860.79,115.780599
1860.8,0.004014,1688965602585,1860.8,0.800986,1860.79,114.705019
1860.8,0.004014,1688965603007,1860.8,0.800986,1860.79,106.508779
1860.8,0.004014,1688965603154,1860.8,0.800986,1860.79,115.182546
1860.8,0.004014,1688965603386,1860.8,0.800986,1860.79,106.508779
1860.8,0.004014,1688965604108,1860.8,0.800986,1860.79,107.584359
1860.8,0.004014,1688965604495,1860.8,0.800986,1860.79,120.004092
1860.8,0.004014,1688965604602,1860.8,0.800986,1860.79,121.079672
1860.8,0.004014,1688965604807,1860.8,0.045986,1860.79,129.275912
1860.79,0.015556,1688965605966,1860.8,0.045986,1860.79,115.574465
1860.79,0.108926,1688965606067,1860.8,0.045986,1860.79,115.465539
1860.79,0.108926,1688965606168,1860.8,0.045986,1860.79,114.389959
1860.79,0.108926,1688965606270,1860.8,0.045986,1860.79,115.465539
1860.79,0.108926,1688965607306,1860.8,0.045986,1860.79,110.291839
1860.79,0.108926,1688965607409,1860.8,2.169986,1860.79,109.064739
1860.79,0.108926,1688965607510,1860.8,2.169986,1860.79,90.709939
1860.79,0.108926,1688965607611,1860.8,5.169986,1860.79,90.709939
1860.79,0.108926,1688965607712,1860.8,2.169986,1860.79,52.290836
1860.8,0.046897,1688965609020,1860.8,2.077103,1860.79,60.755236
1860.8,0.046897,1688965609128,1860.8,5.110493,1860.79,49.053886
1860.8,0.046897,1688965609283,1860.8,5.110493,1860.79,48.173886
1860.8,0.046897,1688965609384,1860.8,5.762493,1860.79,48.173886
1860.8,0.046897,1688965609505,1860.8,2.729103,1860.79,52.290836
1860.8,0.046897,1688965610506,1860.8,2.729103,1860.79,53.996669
1860.8,0.046897,1688965610623,1860.8,2.729103,1860.79,52.290836
1860.8,0.046897,1688965613740,1860.8,2.729103,1860.79,51.410836
1860.8,0.046897,1688965614106,1860.8,0.652,1860.79,52.290836
1860.8,0.046897,1688965614343,1860.8,2.776,1860.79,52.290836
1860.8,0.014574,1688965617361,1860.8,2.761426,1860.79,52.290836
1860.8,0.014574,1688965617462,1860.8,2.761426,1860.79,52.290836
1860.8,0.014574,1688965617607,1860.8,0.637426,1860.79,53.366416
1860.8,0.014574,1688965618407,1860.8,0.637426,1860.79,52.290836
1860.8,0.014574,1688965618561,1860.8,2.434426,1860.79,52.290836
1860.8,0.014574,1688965618906,1860.8,2.434426,1860.79,59.878836
1860.8,0.014574,1688965620064,1860.8,2.434426,1860.79,59.878836
1860.8,0.014574,1688965620607,1860.8,5.434426,1860.79,59.878836
1860.8,0.014574,1688965620763,1860.8,5.434426,1860.79,42.673886
1860.8,0.014574,1688965620866,1860.8,6.306896,1860.79,42.673886
1860.8,0.014574,1688965620973,1860.8,3.306896,1860.79,42.673886
1860.8,0.014574,1688965621206,1860.8,3.306896,1860.79,48.173886
1860.8,0.014574,1688965624892,1860.8,2.434426,1860.79,48.173886
1860.8,0.014574,1688965626363,1860.8,2.434426,1860.79,55.978886
1860.8,0.014574,1688965626963,1860.8,2.434426,1860.79,56.858886
1860.8,0.014574,1688965627512,1860.8,2.434426,1860.79,55.978886
1860.8,0.014574,1688965627865,1860.8,2.434426,1860.79,48.173886
1860.8,0.014574,1688965628106,1860.8,2.434426,1860.79,51.410836
1860.8,0.014574,1688965628806,1860.8,2.434426,1860.79,59.215836
1860.8,0.014574,1688965630114,1860.8,0.637426,1860.79,60.095836
1860.8,0.014574,1688965630370,1860.8,0.637426,1860.79,61.177473
1860.8,0.014574,1688965630606,1860.8,0.637426,1860.79,60.095836
1860.8,0.014574,1688965630707,1860.8,0.637426,1860.79,61.171416
1860.8,0.014574,1688965631206,1860.8,0.637426,1860.79,60.095836
1860.79,0.193924,1688965631577,1860.8,0.637426,1860.79,59.778813
1860.79,0.193924,1688965631679,1860.8,0.637426,1860.79,59.784794
1860.79,0.193924,1688965631806,1860.8,0.637426,1860.79,59.784376
1860.79,0.193924,1688965632023,1860.8,0.637426,1860.79,59.778813
1860.8,0.637426,1688965632178,1860.85,0.000263,1860.84,67.602048
1860.8,0.637426,1688965632286,1860.85,0.000263,1860.84,67.397576
1860.8,0.637426,1688965632406,1860.85,0.000263,1860.84,66.321996
1860.8,0.637426,1688965633407,1860.85,1.317263,1860.84,66.321996
1860.8,0.637426,1688965633508,1860.85,59.566987,1860.84,22.00401
1860.8,0.637426,1688965633612,1860.85,67.763227,1860.84,20.6605
1860.8,0.637426,1688965633832,1860.85,66.694516,1860.84,13.5961
1860.8,0.637426,1688965634036,1860.85,66.694737,1860.84,16.5961
1860.8,0.637426,1688965634524,1860.85,66.694737,1860.84,13.5961
1860.8,0.637426,1688965635007,1860.85,66.694737,1860.84,14.1911
1860.8,0.637426,1688965635125,1860.85,66.694737,1860.84,16.5961
1860.8,0.637426,1688965635393,1860.85,59.106697,1860.84,13.5961
1860.8,0.637426,1688965635840,1860.85,59.106697,1860.84,16.5961
1860.8,0.637426,1688965635941,1860.85,50.903367,1860.84,16.5961
1860.8,0.637426,1688965636406,1860.85,50.903367,1860.84,13.5961
1860.8,0.637426,1688965636643,1860.85,50.903367,1860.84,16.5961
1860.8,0.637426,1688965637206,1860.85,50.903367,1860.84,13.5961
1860.8,0.637426,1688965637308,1860.85,50.903367,1860.84,16.5961
1860.8,0.637426,1688965637650,1860.85,50.911898,1860.84,13.5961
1860.8,0.637426,1688965637803,1860.85,50.911898,1860.84,14.1911
1860.8,0.637426,1688965638007,1860.85,50.903367,1860.84,14.1911
1860.84,0.04109,1688965639556,1860.85,50.903367,1860.84,14.15001
1860.84,0.04109,1688965640259,1860.85,50.709367,1860.84,14.15001
1860.84,0.04109,1688965640407,1860.85,50.717079,1860.84,14.15001
1860.84,0.04109,1688965640521,1860.85,50.716699,1860.84,14.15001
1860.84,0.04109,1688965644206,1860.85,47.641794,1860.84,14.15001
1860.84,0.04109,1688965644343,1860.85,47.634462,1860.84,14.15001
1860.84,0.04109,1688965645662,1860.85,47.634462,1860.84,19.65001
1860.84,0.04109,1688965646151,1860.85,47.634462,1860.84,14.15001
1860.84,0.04109,1688965646955,1860.85,47.634462,1860.84,13.55501
1860.84,0.04109,1688965647407,1860.85,48.710042,1860.84,13.55501
1860.84,0.04109,1688965647508,1860.85,56.918344,1860.84,13.55501
1860.84,0.04109,1688965647662,1860.85,61.054601,1860.84,13.55501
1860.84,0.04109,1688965648497,1860.85,59.979021,1860.84,13.55501
1860.84,0.04109,1688965648707,1860.85,61.054601,1860.84,13.55501
1860.84,0.04109,1688965649562,1860.85,59.979021,1860.84,13.55501
1860.84,0.04109,1688965649907,1860.85,55.842764,1860.84,13.55501
1860.84,0.04109,1688965650109,1860.85,56.918344,1860.84,13.55501
1860.84,0.04109,1688965650607,1860.85,55.842764,1860.84,13.55501
1860.84,0.04109,1688965651462,1860.85,56.918344,1860.84,13.55501
1860.84,0.04109,1688965651916,1860.85,55.842764,1860.84,13.55501
1860.84,0.04109,1688965652779,1860.85,56.918344,1860.84,13.55501
1860.84,0.04109,1688965653007,1860.85,56.918344,1860.84,13.55501
1860.84,0.04109,1688965653262,1860.85,55.842764,1860.84,13.55501
1860.84,0.04109,1688965653725,1860.85,55.830702,1860.84,13.55501
1860.84,0.04109,1688965654210,1860.85,47.634462,1860.84,13.55501
1860.84,0.04109,1688965655070,1860.85,47.634462,1860.84,16.55501
1860.84,0.04109,1688965655411,1860.85,47.634462,1860.84,13.55501
1860.84,0.189576,1688965656007,1860.85,47.634462,1860.84,13.365434
1860.84,0.189576,1688965661425,1860.85,48.710042,1860.84,13.365434
1860.84,0.189576,1688965661706,1860.85,47.634462,1860.84,13.365434
1860.84,0.189576,1688965662431,1860.85,48.710042,1860.84,13.365434
1860.84,0.189576,1688965662706,1860.85,47.634462,1860.84,13.365434
1860.84,0.189576,1688965662961,1860.85,48.710042,1860.84,13.365434
1860.84,0.189576,1688965663706,1860.85,47.634462,1860.84,13.365434
1860.84,0.189576,1688965664607,1860.85,48.710042,1860.84,13.365434
1860.84,0.189576,1688965664867,1860.85,47.634462,1860.84,13.365434
1860.84,0.189576,1688965665207,1860.85,47.643513,1860.84,13.365434
1860.84,0.189576,1688965665362,1860.85,47.634462,1860.84,13.365434
1860.84,0.189576,1688965666663,1860.85,49.154819,1860.84,13.365434
1860.84,0.189576,1688965667162,1860.85,49.147269,1860.84,13.365434
1860.84,0.189576,1688965668604,1860.85,49.147269,1860.84,16.365434
1860.84,0.189576,1688965668706,1860.85,49.147269,1860.84,13.365434
1860.84,0.189576,1688965669011,1860.85,50.222849,1860.84,13.365434
1860.84,0.189576,1688965669384,1860.85,49.147269,1860.84,13.365434
1860.84,0.189576,1688965670812,1860.85,49.147269,1860.84,16.365434
1860.84,0.189576,1688965671563,1860.85,49.147269,1860.84,13.365434
1860.84,0.189576,1688965671806,1860.85,48.733269,1860.84,13.365434
1860.84,0.189576,1688965672762,1860.85,48.733269,1860.84,16.365434
1860.84,0.189576,1688965673006,1860.85,48.733269,1860.84,13.365434
1860.84,0.189576,1688965674205,1860.85,48.733269,1860.84,16.365434
1860.84,0.189576,1688965675006,1860.85,48.733269,1860.84,13.365434
1860.84,0.189576,1688965675162,1860.85,48.733269,1860.84,16.365434
1860.84,0.189576,1688965676606,1860.85,48.733269,1860.84,13.365434
1860.84,0.189576,1688965677573,1860.85,48.733269,1860.84,16.365434
1860.84,0.090984,1688965678707,1860.85,48.733269,1860.84,16.27445
1860.84,0.090984,1688965680013,1860.85,48.733269,1860.84,16.27445
1860.85,0.000263,1688965684430,1860.85,2.993256,1860.84,27.70764
1860.85,0.062895,1688965684535,1860.85,0.646105,1860.84,69.522663
1860.85,0.062895,1688965684667,1860.85,0.646105,1860.84,88.522759
1860.85,0.062895,1688965684794,1860.85,0.646105,1860.84,87.447179
1860.85,0.062895,1688965684899,1860.85,0.646105,1860.84,88.256904
1860.84,0.79026,1688965685007,1860.85,0.646105,1860.84,87.466644
1860.84,0.79026,1688965685108,1860.85,0.646105,1860.84,87.466644
1860.85,0.032243,1688965685212,1860.85,0.613862,1860.84,89.789178
1860.85,0.02,1688965686724,1860.85,0.593862,1860.84,89.789178
1860.85,0.02,1688965689507,1860.85,0.593862,1860.84,90.864758
1860.85,0.02,1688965690807,1860.85,0.593862,1860.84,89.789178
1860.85,0.02,1688965691462,1860.85,0.593862,1860.84,90.864758
1860.85,0.02,1688965691567,1860.85,0.593862,1860.84,89.789178
1860.85,0.02,1688965692105,1860.85,0.593862,1860.84,79.575451
1860.85,0.02,1688965693907,1860.85,0.593862,1860.84,71.188779
1860.85,0.02,1688965694008,1860.85,3.593862,1860.84,64.879054
1860.85,0.02,1688965694112,1860.85,3.593862,1860.84,43.205066
1860.85,0.02,1688965694212,1860.85,3.593862,1860.84,42.325066
1860.85,0.02,1688965695407,1860.85,3.593862,1860.84,43.205066
1860.85,0.02,1688965696506,1860.85,6.830812,1860.84,39.968116
1860.85,0.02,1688965697961,1860.85,6.830812,1860.84,39.088116
1860.85,0.02,1688965698407,1860.85,6.830812,1860.84,26.201497
1860.85,0.02,1688965698562,1860.85,3.593862,1860.84,26.201497
1860.85,0.02,1688965699506,1860.85,3.616532,1860.84,26.201497
1860.85,0.02,1688965699762,1860.85,0.616532,1860.84,26.201497
1860.85,0.02,1688965699990,1860.85,0.616532,1860.84,34.938447
1860.85,0.02,1688965700592,1860.85,0.616532,1860.84,47.70684
1860.85,0.02,1688965700706,1860.85,0.616532,1860.84,48.58684
1860.85,0.02,1688965701072,1860.85,0.616532,1860.84,48.593278
1860.85,0.02,1688965701197,1860.85,0.616532,1860.84,48.58684
1860.85,0.02,1688965702607,1860.85,0.616532,1860.84,47.37084
1860.85,0.02,1688965703210,1860.85,0.61367,1860.84,47.37084
1860.88,0.075234,1688965704307,1860.96,3,1860.95,19.616549
1860.88,0.075234,1688965704562,1860.96,5.69584,1860.95,19.616549
1860.88,0.075234,1688965704689,1860.96,5.69584,1860.95,21.129343
1860.88,0.075234,1688965705494,1860.96,11.53059,1860.95,21.129343
1860.88,0.075234,1688965705605,1860.96,12.38959,1860.95,21.129343
1860.88,0.075234,1688965714480,1860.96,6.69375,1860.95,29.866293
1860.88,0.075234,1688965715206,1860.96,6.69375,1860.95,24.366293
1860.95,0.150115,1688965715462,1860.96,9.69375,1860.95,24.216178
1860.95,0.150115,1688965715606,1860.96,9.69375,1860.95,20.979228
1860.95,0.150115,1688965715707,1860.96,12.9307,1860.95,19.466434
1860.96,0.107476,1688965719606,1860.96,12.823224,1860.95,19.466434
1860.96,0.107476,1688965719707,1860.96,12.823224,1860.95,19.466434
1860.96,0.107476,1688965722661,1860.96,9.823224,1860.95,19.466434
1860.96,0.107476,1688965722768,1860.96,12.823224,1860.95,19.466434
1860.96,0.107476,1688965723861,1860.96,9.823224,1860.95,19.466434
1860.96,0.107476,1688965724106,1860.96,12.823224,1860.95,19.466434
1860.96,0.107476,1688965724806,1860.96,9.823224,1860.95,19.466434
1860.96,0.107476,1688965724907,1860.96,6.586274,1860.95,24.966434
1860.96,0.107476,1688965725406,1860.96,9.586274,1860.95,19.466434
1860.96,0.107476,1688965725806,1860.96,6.586274,1860.95,24.966434
1860.96,0.107476,1688965726206,1860.96,9.586274,1860.95,24.966434
1860.96,0.107476,1688965726862,1860.96,9.586274,1860.95,19.466434
1860.96,0.107476,1688965727806,1860.96,3.859,1860.95,19.466434
1860.96,0.107476,1688965728684,1860.96,5.73335,1860.95,19.466434
1860.96,0.107476,1688965730513,1860.96,2.73335,1860.95,24.966434
1860.96,0.107476,1688965730907,1860.96,0.859,1860.95,28.203384
1860.96,0.001769,1688965732382,1860.96,0.857231,1860.95,28.203384
1860.96,0.001769,1688965732506,1860.96,0.857231,1860.95,28.203384
1860.96,0.001769,1688965733862,1860.96,3.857231,1860.95,28.203384
1860.96,0.001769,1688965734362,1860.96,0.857231,1860.95,28.203384
1860.96,0.001769,1688965734706,1860.96,0.804,1860.95,28.203384
1860.96,0.001769,1688965736606,1860.96,0.804,1860.95,29.716196
1860.96,0.001769,1688965740086,1860.96,0.804,1860.95,29.716196
1860.96,0.001769,1688965741107,1860.96,0.804,1860.95,20.979246
1860.96,0.001769,1688965741234,1860.96,5.98382,1860.95,20.979246
1860.96,0.001769,1688965742506,1860.96,5.997804,1860.95,19.466434
1860.96,0.001769,1688965744906,1860.96,5.99075,1860.95,19.466434
1860.96,0.001769,1688965745007,1860.96,5.98382,1860.95,19.466434
1860.96,0.032241,1688965745108,1860.96,5.951579,1860.95,19.466434
1860.96,0.032241,1688965754382,1860.96,2.951579,1860.95,24.966434
1860.96,0.032241,1688965754715,1860.96,5.951579,1860.95,24.966434
1860.96,0.032241,1688965754975,1860.96,5.951579,1860.95,19.466434
1860.96,0.032241,1688965755106,1860.96,5.356579,1860.95,19.466434
1860.96,0.032241,1688965755317,1860.96,5.951579,1860.95,19.466434
1860.96,0.032241,1688965755451,1860.96,5.356579,1860.95,19.466434
1860.98,0.328241,1688965756053,1860.98,0.094509,1860.97,16.641928
1860.98,0.328241,1688965756181,1861,27.17,1860.99,35.482073
1860.98,0.328241,1688965756306,1861,27.600187,1860.99,35.482073
1860.98,0.328241,1688965756457,1861,29.724187,1860.99,35.482073
1860.98,0.328241,1688965757206,1861,32.961137,1860.99,32.245123
1860.98,0.328241,1688965757307,1861,34.229365,1860.99,32.245123
1860.98,0.328241,1688965758306,1861,33.632137,1860.99,32.245123
1860.98,0.328241,1688965759206,1861,34.229365,1860.99,26.745123
1860.98,0.328241,1688965759461,1861,33.632137,1860.99,32.245123
1860.98,0.328241,1688965760107,1861,34.229365,1860.99,25.401613
1860.98,0.328241,1688965760461,1861,34.229365,1860.99,16.1328
1860.98,0.328241,1688965763390,1861,34.239529,1860.99,7.29805
1860.98,0.328241,1688965763496,1861,35.315109,1860.99,7.29805
1860.98,0.328241,1688965764086,1861,34.239529,1860.99,7.29805
1860.98,0.328241,1688965765707,1861,35.752287,1860.99,7.29805
1860.98,0.328241,1688965766206,1861,35.515287,1860.99,7.29805
1860.98,0.328241,1688965770607,1861,35.515287,1860.99,10.29805
1860.98,0.328241,1688965773107,1861,35.515287,1860.99,7.29805
1860.98,0.328241,1688965773324,1861,35.505123,1860.99,10.29805
1860.98,0.328241,1688965774730,1861,35.505123,1860.99,7.29805
1860.98,0.328241,1688965775875,1861,35.505123,1860.99,10.29805
1860.98,0.328241,1688965776006,1861,35.505123,1860.99,7.29805
1860.98,0.328241,1688965776219,1861,35.505123,1860.99,10.29805
1861,0.001,1688965776822,1861,35.504123,1860.99,7.29805
1861,0.001,1688965776940,1861,35.504123,1860.99,10.29805
1861,0.001,1688965778206,1861,35.504123,1860.99,7.29805
1861,0.001,1688965778312,1861,35.504123,1860.99,10.29805
1861,0.001,1688965785007,1861,35.504123,1860.99,10.29805
1861,0.001,1688965786762,1861,35.504123,1860.99,7.29805
1861,0.001,1688965786967,1861,35.504123,1860.99,10.29805
1861,0.001,1688965797781,1861,36.257123,1860.99,10.29805
1861,0.001,1688965800106,1861,36.257123,1860.99,10.29805
1861,0.001,1688965800207,1861,36.264051,1860.99,7.29805
1861,0.001,1688965800438,1861,36.257123,1860.99,7.29805
1861,0.001,1688965800571,1861,36.257123,1860.99,10.29805
1861,0.005373,1688965800705,1861,36.25175,1860.99,10.29805
1861,0.005373,1688965800806,1861,36.25175,1860.99,10.29805
1861,0.005373,1688965801745,1861,36.25175,1860.99,7.29805
1861,0.005373,1688965804006,1861,36.25175,1860.99,10.29805
1861,0.005373,1688965804144,1861,36.25175,1860.99,7.29805
1861,0.005373,1688965805806,1861,36.25175,1860.99,10.29805
1861,0.005373,1688965806008,1861,36.25175,1860.99,7.29805
1861,0.005373,1688965806406,1861,36.25175,1860.99,10.29805
1861,0.005373,1688965807262,1861,36.25175,1860.99,7.29805
1861,0.005373,1688965807370,1861,36.25175,1860.99,7.89305
1861,0.005373,1688965807912,1861,36.25175,1860.99,7.29805
1861,0.005373,1688965808206,1861,36.25175,1860.99,10.29805
1861,0.005373,1688965814267,1861,30.904814,1860.99,24.86975
1861,0.206373,1688965814390,1861,30.404814,1860.99,21.639376
1861,0.206373,1688965814504,1861,30.404814,1860.99,21.6328
1861,0.206373,1688965814807,1861,31.274204,1860.99,24.156499
1861,0.206373,1688965814908,1861,31.274204,1860.99,29.656499
1861,0.206373,1688965815110,1861,29.150204,1860.99,29.656499
1861,0.206373,1688965815211,1861,2.486577,1860.99,35.273952
1861,0.206373,1688965815313,1861,29.356577,1860.99,35.267376
1861,0.206373,1688965815462,1861,2.486577,1860.99,35.267376
1861,0.206373,1688965815910,1861,5.486577,1860.99,35.267376
1861,0.206373,1688965816306,1861,7.610577,1860.99,31.169256
1861,0.206373,1688965816411,1861,35.077805,1860.99,29.656499
1861,0.069813,1688965816512,1861,34.577805,1860.99,29.656499
1861,0.069813,1688965817007,1861,35.011465,1860.99,29.656499
1861,0.069813,1688965817216,1861,3.674847,1860.99,29.656499
1861,0.069813,1688965817807,1861,31.142075,1860.99,29.656499
1861,0.069813,1688965818019,1861,4.272075,1860.99,29.656499
1861,0.069813,1688965818121,1861,6.674847,1860.99,29.656499
1861,0.5,1688965818266,1861,6.174847,1860.99,29.656499
1861,0.5,1688965818405,1861,6.174847,1860.99,29.656499
1861,0.5,1688965819006,1861,35.207905,1860.99,24.156499
1861,0.5,1688965819426,1861,35.207905,1860.99,29.656499
1861,0.211415,1688965819927,1861,34.110677,1860.99,29.656499
1861,0.211415,1688965820082,1861,34.707905,1860.99,29.656499
1861,0.211415,1688965821088,1861,7.240677,1860.99,29.656499
1861,0.117187,1688965821457,1861,7.12349,1860.99,29.656499
1861,0.064813,1688965821563,1861,5.492847,1860.99,32.893449
1861,0.064813,1688965821806,1861,2.492847,1860.99,32.893449
1861,0.064813,1688965822340,1861,5.492847,1860.99,32.893449
1861,0.064813,1688965822605,1861,6.468847,1860.99,32.893449
1861,0.064813,1688965822827,1861,3.468847,1860.99,32.893449
1861,0.064813,1688965823643,1861,6.468847,1860.99,29.656499
1861,0.064813,1688965824007,1861,37.173025,1860.99,29.656499
1861,0.064813,1688965824606,1861,9.705797,1860.99,29.656499
1861,0.064813,1688965824712,1861,6.705797,1860.99,29.656499
1861,0.064813,1688965825096,1861,9.705797,1860.99,29.656499
1861,0.064813,1688965825552,1861,6.705797,1860.99,29.656499
1861,0.064813,1688965826008,1861,3.468847,1860.99,29.656499
1861,0.064813,1688965827406,1861,6.468847,1860.99,29.656499
1861,0.064813,1688965827687,1861,5.873847,1860.99,29.656499
1861,0.064813,1688965828112,1861,8.238047,1860.99,29.656499
1861,0.064813,1688965828250,1861,5.833047,1860.99,29.656499
1861,0.064813,1688965829106,1861,5.833047,1860.99,29.656499
1861,0.064813,1688965829256,1861,8.931047,1860.99,29.656499
1861,0.064813,1688965829362,1861,5.931047,1860.99,29.656499
1861,0.064813,1688965830105,1861,3.566847,1860.99,29.656499
1861,0.026867,1688965831306,1861,3.53998,1860.99,29.656499
1861,0.026867,1688965831407,1861,3.53998,1860.99,29.656499
1861,0.026867,1688965831778,1861,5.031268,1860.99,24.156499
1861,0.026867,1688965831906,1861,7.43404,1860.99,24.156499
1861,0.026867,1688965832162,1861,4.43404,1860.99,29.656499
1861,0.026867,1688965832962,1861,3.53998,1860.99,29.656499
1861,0.026867,1688965834706,1861,9.60598,1860.99,24.156499
1861,0.026867,1688965834807,1861,36.47598,1860.99,24.156499
1861,0.026867,1688965834962,1861,37.073208,1860.99,24.156499
1861,0.026867,1688965835085,1861,9.60598,1860.99,24.156499
1861,0.026867,1688965835404,1861,36.47598,1860.99,24.156499
1861,0.026867,1688965835506,1861,38.073208,1860.99,24.156499
1861,0.026867,1688965836597,1861,11.203208,1860.99,24.156499
1861,0.026867,1688965836706,1861,10.60598,1860.99,24.156499
1861,0.026867,1688965837969,1861,38.073208,1860.99,24.156499
1861,0.026867,1688965838306,1861,10.60598,1860.99,24.156499
1861,0.026867,1688965838609,1861,38.073208,1860.99,24.156499
1861,0.026867,1688965838967,1861,10.60598,1860.99,24.156499
1861,0.026867,1688965839106,1861,38.073208,1860.99,24.156499
1860.99,0.810531,1688965839309,1861,38.073208,1860.99,22.845968
1860.99,0.810531,1688965840222,1861,39.585967,1860.99,22.845968
1860.99,0.810531,1688965841207,1861,12.118739,1860.99,22.845968
1860.99,0.810531,1688965842007,1861,10.60598,1860.99,22.845968
1860.99,0.810531,1688965842231,1861,12.118739,1860.99,22.845968
1860.99,0.810531,1688965842466,1861,39.585967,1860.99,22.845968
1861,0.732167,1688965842931,1861,39.6758,1860.99,22.845968
1861,0.732167,1688965851165,1861,44.276335,1860.99,22.845968
1861,0.732167,1688965853906,1861,12.230348,1860.99,31.582918
1861,0.732167,1688965855407,1861,9.230348,1860.99,31.582918
1861,0.732167,1688965855786,1861,12.230348,1860.99,33.095678
1861,0.732167,1688965855998,1861,39.697576,1860.99,33.095678
1861,0.732167,1688965856106,1861,40.449196,1860.99,22.845968
1861,0.732167,1688965857008,1861,12.981968,1860.99,28.345968
1861,0.732167,1688965857392,1861,9.981968,1860.99,28.345968
1861,0.732167,1688965857707,1861,12.981968,1860.99,28.345968
1861,0.732167,1688965857819,1861,9.981968,1860.99,28.345968
1861,0.732167,1688965857937,1861,9.230348,1860.99,29.858729
1861,0.732167,1688965858406,1861,12.230348,1860.99,33.095679
1861,0.732167,1688965858507,1861,12.798668,1860.99,24.358729
1861,0.732167,1688965858612,1861,40.265896,1860.99,22.845968
1861,0.732167,1688965859428,1861,40.265896,1860.99,14.822269
1861,0.732167,1688965860107,1861,40.265896,1860.99,14.822269
1861,0.732167,1688965860707,1861,40.169896,1860.99,14.822269
1861,0.732167,1688965861152,1861,40.186016,1860.99,14.822269
1861,0.732167,1688965867064,1861,40.186016,1860.99,20.322269
1861,0.732167,1688965867906,1861,40.186016,1860.99,16.335032
1861,0.732167,1688965868489,1861,40.186016,1860.99,21.835032
1861,0.732167,1688965868737,1861,40.186016,1860.99,16.335032
1861,0.732167,1688965869106,1861,40.186016,1860.99,21.835032
1861,0.732167,1688965869340,1861,40.186016,1860.99,16.335032
1861,0.732167,1688965870306,1861,40.186016,1860.99,32.795132
1861,0.732167,1688965871501,1861,40.186016,1860.99,27.295132
1861,0.732167,1688965872600,1861,40.186016,1860.99,32.795132
1861,0.732167,1688965872706,1861,40.186016,1860.99,27.295132
1861,0.732167,1688965873358,1861,12.718788,1860.99,32.795132
1861,0.732167,1688965873699,1861,40.186016,1860.99,32.795132
1861,0.732167,1688965873806,1861,12.718788,1860.99,32.795132
1861,0.732167,1688965873907,1861,12.718788,1860.99,32.795132
1861,0.732167,1688965874114,1861,40.186016,1860.99,25.782369
1861,0.732167,1688965874228,1861,13.316016,1860.99,25.782369
1861,0.732167,1688965874363,1861,12.718788,1860.99,25.782369
1861,0.732167,1688965874807,1861,40.186016,1860.99,31.282369
1861,0.732167,1688965875014,1861,40.186016,1860.99,25.782369
1861,0.732167,1688965875273,1861,12.718788,1860.99,25.782369
1861,0.732167,1688965875406,1861,40.212708,1860.99,25.782369
1861,0.732167,1688965875981,1861,40.212708,1860.99,31.282369
1861,0.732167,1688965876106,1861,12.74548,1860.99,31.282369
1861,0.732167,1688965876311,1861,40.212708,1860.99,31.282369
1861,0.732167,1688965876570,1861,40.212708,1860.99,25.782369
1861,0.732167,1688965877114,1861,12.74548,1860.99,25.782369
1861,0.732167,1688965877225,1861,40.212708,1860.99,25.782369
1861,0.732167,1688965878332,1861,12.74548,1860.99,25.782369
1861,0.732167,1688965878580,1861,40.212708,1860.99,25.782369
1861,0.732167,1688965878907,1861,40.212708,1860.99,31.282369
1861,0.005373,1688965879506,1861,12.171787,1860.99,34.519319
1861,0.005373,1688965881594,1861,9.171787,1860.99,34.519319
1861,0.005373,1688965881805,1861,9.171787,1860.99,42.738204
1861,0.005373,1688965882137,1861,12.171787,1860.99,42.738204
1861,0.005373,1688965882712,1861,9.171787,1860.99,42.738204
1861,0.005373,1688965882851,1861,7.055007,1860.99,42.738204
1861,0.005373,1688965883706,1861,9.179007,1860.99,42.738204
1861,0.005373,1688965884160,1861,11.584007,1860.99,42.738204
1861,0.005373,1688965885008,1861,12.179007,1860.99,42.738204
1861,0.66634,1688965885220,1861,5.955007,1860.99,74.11725
1861,0.66634,1688965885353,1861,5.955007,1860.99,97.857582
1861,0.66634,1688965885463,1861,5.955007,1860.99,98.670525
1861,0.66634,1688965885566,1861,5.412172,1860.99,98.670525
1861,0.66634,1688965885705,1861,5.412172,1860.99,100.996231
1861,0.66634,1688965885806,1861,5.412172,1860.99,88.410239
1861,0.66634,1688965886157,1861,5.412172,1860.99,89.223188
1861,0.66634,1688965887306,1861,5.412172,1860.99,88.147608
1861,0.435165,1688965887508,1861.13,0.594907,1861.12,104.765207
1861,0.435165,1688965887613,1861.13,0.162987,1861.12,127.950215
1861,0.435165,1688965887869,1861.13,0.162987,1861.12,116.568155
1861,0.435165,1688965888362,1861.13,0.162987,1861.12,124.332555
1861,0.435165,1688965889787,1861.13,0.162987,1861.12,123.256975
1861,0.435165,1688965890391,1861.13,0.162987,1861.12,124.332555
1861,0.435165,1688965890505,1861.13,0.162987,1861.12,123.256975
1861,0.435165,1688965890707,1861.13,0.162987,1861.12,124.332555
1861.13,0.0013,1688965891194,1861.13,0.161687,1861.12,124.332555
1861.13,0.0013,1688965891304,1861.13,0.161687,1861.12,124.332555
1861.13,0.0013,1688965891998,1861.13,0.161687,1861.12,123.256975
1861.13,0.0013,1688965892106,1861.13,0.161687,1861.12,124.332555
1861.4,0.816466,1688965893608,1861.4,2.123534,1861.39,23.332915
1861.4,0.816466,1688965893711,1861.4,30.959762,1861.39,20.239841
1861.4,0.816466,1688965893846,1861.4,3.492534,1861.39,20.24753
1861.4,0.816466,1688965894206,1861.4,3.710412,1861.39,20.24753
1861.4,0.816466,1688965894562,1861.4,34.17764,1861.39,20.239841
1861.4,0.816466,1688965894907,1861.4,34.17764,1861.39,14.739841
1861.4,0.816466,1688965895008,1861.4,34.67723,1861.39,8.502891
1861.39,0.306651,1688965895112,1861.36,44.215018,1861.35,16.594878
1861.39,0.306651,1688965895252,1861.36,45.311573,1861.35,16.594878
1861.39,0.306651,1688965895367,1861.36,44.235993,1861.35,16.594878
1861.39,0.306651,1688965895905,1861.36,40.401815,1861.35,34.27116
1861.39,0.306651,1688965896006,1861.36,39.73006,1861.35,41.60623
1861.39,0.306651,1688965896216,1861.36,39.73006,1861.35,45.70435
1861.39,0.306651,1688965898923,1861.36,1.478,1861.35,45.709848
1861.39,0.306651,1688965899029,1861.36,1.478,1861.35,45.70435
1861.39,0.306651,1688965899183,1861.36,28.348,1861.35,45.70435
1861.36,0.000537,1688965900007,1861.36,1.477463,1861.35,46.593314
1861.36,0.000537,1688965900130,1861.36,28.347463,1861.35,45.70435
1861.36,0.000537,1688965902706,1861.36,30.346701,1861.35,42.4674
1861.36,0.000537,1688965904207,1861.36,30.346701,1861.35,36.9674
1861.36,0.000537,1688965904606,1861.36,29.749473,1861.35,43.979885
1861.36,0.000537,1688965904707,1861.36,29.749473,1861.35,47.012718
1861.35,0.014668,1688965906251,1861.36,29.749473,1861.35,46.890506
1861.35,0.014668,1688965907168,1861.36,29.749473,1861.35,47.601056
1861.35,0.127586,1688965907967,1861.36,29.749473,1861.35,47.47347
1861.35,0.127586,1688965908070,1861.36,29.749473,1861.35,47.47347
1861.35,0.127586,1688965908459,1861.36,30.346701,1861.35,25.115689
1861.35,0.127586,1688965908775,1861.36,30.346701,1861.35,45.961076
1861.35,0.127586,1688965908906,1861.36,28.347463,1861.35,50.710514
1861.35,0.127586,1688965909114,1861.36,28.347463,1861.35,47.473564
1861.35,0.127586,1688965909262,1861.36,28.944691,1861.35,47.473564
1861.35,0.127586,1688965909916,1861.36,31.986711,1861.35,47.473564
1861.35,0.127586,1688965910063,1861.36,31.986711,1861.35,45.961076
1861.35,0.191792,1688965910183,1861.36,31.690261,1861.35,42.89687
1861.35,0.191792,1688965910306,1861.36,31.690261,1861.35,34.70063
1861.35,0.191792,1688965910662,1861.36,31.690261,1861.35,29.392422
1861.35,0.191792,1688965911006,1861.36,31.690261,1861.35,34.892422
1861.35,0.191792,1688965911107,1861.36,31.690261,1861.35,24.138403
1861.35,0.191792,1688965911388,1861.36,31.690261,1861.35,18.638403
1861.35,2.1635,1688965912307,1861.36,32.765841,1861.35,16.474903
1861.35,2.1635,1688965912530,1861.36,31.690261,1861.35,16.474903
1861.35,2.1635,1688965913607,1861.36,41.218974,1861.35,0.869333
1861.35,2.1635,1688965913708,1861.36,42.028698,1861.35,0.869333
1861.35,2.1635,1688965914105,1861.36,40.953118,1861.35,0.869333
1861.35,2.1635,1688965915206,1861.36,42.028698,1861.35,0.869333
1861.35,2.1635,1688965915307,1861.36,40.953118,1861.35,0.869333
1861.35,2.1635,1688965915530,1861.36,42.028698,1861.35,0.869333
1861.01,0.442064,1688965915667,1861.07,4.75171,1861.01,1.441569
1861.01,0.442064,1688965915806,1861.02,43.639285,1861.01,2.237403
1861.01,0.442064,1688965915907,1861.02,43.788403,1861.01,13.195412
1861.01,0.442064,1688965916008,1861.02,43.788403,1861.01,2.832403
1861.01,0.442064,1688965916507,1861.02,43.255143,1861.01,2.832403
1861.01,0.442064,1688965916872,1861.02,40.255143,1861.01,6.069353
1861.01,0.442064,1688965917007,1861.02,40.255143,1861.01,7.949759
1861.01,0.442064,1688965917352,1861.02,40.255143,1861.01,18.026407
1861.01,0.0075,1688965917606,1861.02,40.255143,1861.01,18.018907
1861.01,0.0075,1688965919712,1861.02,42.195423,1861.01,2.817403
1861.01,0.0075,1688965920091,1861.02,42.195423,1861.01,2.817403
1861.01,0.0075,1688965920206,1861.02,42.781423,1861.01,2.817403
1861.01,0.0075,1688965920806,1861.02,40.841143,1861.01,7.934759
1861.01,0.0075,1688965921011,1861.02,41.153293,1861.01,2.817403
1861.02,0.001,1688965921370,1861.02,41.152293,1861.01,2.817403
1861.02,0.001,1688965921499,1861.02,41.152293,1861.01,2.817403
1861.01,0.0075,1688965921707,1861.02,41.152293,1861.01,2.809903
1861.01,0.0162,1688965924506,1861.02,41.152293,1861.01,2.793703
1861.01,0.0162,1688965925106,1861.02,41.152293,1861.01,10.508854
1861.01,0.0162,1688965925607,1861.02,41.766293,1861.01,10.508854
1861.01,0.0162,1688965926795,1861.02,41.634848,1861.01,10.508854
1861.01,0.0162,1688965927007,1861.02,41.634848,1861.01,16.487379
1861.02,1.1,1688965927399,1861.02,27.590898,1861.01,24.898029
1861.02,1.1,1688965927506,1861.02,1.22367,1861.01,65.12924
1861.02,1.1,1688965927612,1861.02,0.02367,1861.01,51.320007
1861.02,1.1,1688965928001,1861.02,0.02367,1861.01,53.200409
1861.02,1.1,1688965928212,1861.02,0.02367,1861.01,64.101216
1861.02,1.1,1688965929868,1861.02,0.02367,1861.01,65.176796
1861.02,1.1,1688965930681,1861.02,0.02367,1861.01,80.552511
1861.02,0.02367,1688965930792,1861.2,1.941,1861.01,80.552511
1861.31,2.377988,1688965930895,1861.31,3,1861.3,12.637395
1861.31,2.377988,1688965931006,1861.31,35.129618,1861.3,12.02819
1861.31,2.377988,1688965931884,1861.31,36.642312,1861.3,12.02819
1861.31,2.377988,1688965932707,1861.31,36.642312,1861.3,3.83195
1861.31,2.377988,1688965935379,1861.31,11.362405,1861.3,17.537832
1861.31,2.377988,1688965935698,1861.31,5.527655,1861.3,17.537832
1861.31,2.377988,1688965935907,1861.31,2.527655,1861.3,17.537832
1861.31,2.377988,1688965936008,1861.31,5.527655,1861.3,17.537832
1861.31,0.713019,1688965936606,1861.31,1.814636,1861.3,31.203132
1861.31,0.713019,1688965937206,1861.31,4.814636,1861.3,31.203132
1861.31,0.713019,1688965937907,1861.31,1.814636,1861.3,31.203132
1861.31,0.713019,1688965938136,1861.31,4.814636,1861.3,31.203132
1861.31,0.713019,1688965938733,1861.31,10.649386,1861.3,25.703132
1861.31,0.21,1688965938995,1861.31,10.439386,1861.3,25.703132
1861.31,0.147544,1688965939245,1861.31,10.291842,1861.3,25.703132
1861.31,0.147544,1688965939607,1861.31,10.291842,1861.3,27.215723
1861.31,0.147544,1688965939742,1861.31,10.291842,1861.3,19.009841
1861.31,0.147544,1688965940001,1861.31,7.291842,1861.3,32.714472
1861.31,0.053725,1688965940106,1861.31,6.802477,1861.3,32.714472
1861.31,0.053725,1688965940207,1861.31,6.802477,1861.3,32.714472
1861.31,0.053725,1688965941717,1861.31,9.802477,1861.3,32.714472
1861.31,0.053725,1688965941950,1861.31,6.802477,1861.3,32.714472
1861.31,0.053725,1688965944962,1861.31,0.967727,1861.3,32.714472
1861.31,0.053725,1688965946075,1861.31,1.067727,1861.3,32.714472
1861.31,0.082839,1688965948406,1861.31,0.984888,1861.3,32.714472
1861.31,0.082839,1688965948507,1861.31,0.984888,1861.3,32.714472
1861.31,0.082839,1688965949966,1861.31,0.884888,1861.3,32.714472
1861.31,0.082839,1688965951812,1861.31,0.884888,1861.3,32.402266
1861.31,0.082839,1688965951964,1861.31,0.700015,1861.3,48.784102
1861.31,0.000002,1688965952069,1861.39,0.516214,1861.3,54.951152
1861.31,0.000002,1688965952197,1861.39,0.516214,1861.38,37.263391
1861.31,0.000002,1688965952306,1861.39,0.516214,1861.38,50.758704
1861.31,0.000002,1688965952662,1861.39,0.516214,1861.38,59.816704
1861.31,0.000002,1688965952906,1861.39,0.516214,1861.38,58.741124
1861.31,0.000002,1688965953007,1861.39,0.516214,1861.38,59.816704
1861.51,0.583443,1688965953708,1861.51,27.055125,1861.5,43.36808
1861.51,0.583443,1688965953811,1861.51,0.185125,1861.5,55.208367
1861.51,0.583443,1688965954405,1861.51,0.185125,1861.5,54.132787
1861.51,0.583443,1688965955521,1861.51,0.185125,1861.5,55.645107
1861.5,0.190477,1688965958308,1861.51,0.185125,1861.5,55.45463
1861.51,0.185125,1688965959385,1861.6,2.26019,1861.5,56.53021
1861.6,0.914875,1688965959486,1861.6,29.13019,1861.59,55.719499
1861.6,0.914875,1688965959606,1861.6,29.441,1861.59,90.597174
1861.6,0.914875,1688965959707,1861.6,27.317,1861.59,90.597174
1861.6,0.914875,1688965963447,1861.6,27.317,1861.59,91.672754
1861.6,0.914875,1688965963548,1861.6,26.87,1861.59,108.561437
1861.6,0.914875,1688965963651,1861.6,26.87,1861.59,104.972487
1861.6,0.914875,1688965966164,1861.6,26.87,1861.59,91.477174
1861.6,0.914875,1688965967369,1861.6,26.87,1861.59,92.552754
1861.6,0.914875,1688965968066,1861.6,26.87,1861.59,91.477174
1861.6,0.914875,1688965969180,1861.6,26.87,1861.59,92.552754
1861.6,0.009012,1688965969306,1861.6,26.860988,1861.59,92.552754
1861.6,0.009012,1688965969407,1861.6,26.860988,1861.59,92.552754
1861.6,0.009012,1688965969873,1861.6,26.860988,1861.59,96.183667
1861.6,0.009012,1688965969974,1861.74,28.979506,1861.73,39.651052
1861.6,0.009012,1688965970075,1861.74,26.87,1861.73,39.753288
1861.6,0.009012,1688965970179,1861.74,26.87,1861.73,39.651052
1861.6,0.009012,1688965970306,1861.74,27.467228,1861.73,17.52819
1861.6,0.009012,1688965970407,1861.74,27.467228,1861.73,28.16259
1861.6,0.009012,1688965971282,1861.74,27.467228,1861.73,29.674806
1861.6,0.009012,1688965973306,1861.74,26.87,1861.73,55.676543
1861.6,0.009012,1688965974162,1861.74,28.166228,1861.73,55.676543
1861.6,0.009012,1688965974877,1861.74,28.166228,1861.73,43.529927
1861.6,0.009012,1688965975412,1861.74,28.166228,1861.73,54.164327
1861.6,0.009012,1688965975805,1861.74,27.569,1861.73,54.164327
1861.6,0.009012,1688965976406,1861.74,28.166228,1861.73,54.164327
1861.6,0.009012,1688965976611,1861.74,27.569,1861.73,54.164327
1861.6,0.009012,1688965976762,1861.74,0.699,1861.73,54.164327
1861.6,0.009012,1688965976994,1861.74,0.699,1861.73,55.239907
1861.6,0.009012,1688965977106,1861.75,26.945234,1861.74,87.860241
1861.6,0.009012,1688965977207,1861.75,26.945234,1861.74,87.553533
1861.75,0.027436,1688965977564,1861.75,26.917798,1861.74,87.560716
1861.74,0.1,1688965978111,1861.75,0.047798,1861.74,87.265136
1861.75,0.047798,1688965978506,1861.91,0.107416,1861.74,88.340716
1861.9,0.328587,1688965978607,1861.91,36.045173,1861.9,20.354627
1861.9,0.328587,1688965978714,1861.91,35.909684,1861.9,20.354627
1861.9,1,1688965978972,1861.91,35.909684,1861.9,19.354627
1861.9,1,1688965979296,1861.91,35.909684,1861.9,18.354627
1861.9,1,1688965979406,1861.91,35.909684,1861.9,18.354627
1861.9,1,1688965979776,1861.91,36.331071,1861.9,18.354627
1861.9,1,1688965980107,1861.91,36.331071,1861.9,18.354627
1861.9,1,1688965981506,1861.91,36.331071,1861.9,11.010227
1861.9,1,1688965981836,1861.91,36.331071,1861.9,19.206467
1861.9,1,1688965982106,1861.91,36.331071,1861.9,28.440867
1861.9,1,1688965982207,1861.91,36.331071,1861.9,19.206467
1861.9,1,1688965982330,1861.91,36.331071,1861.9,11.010227
1861.9,1,1688965983306,1861.91,36.331071,1861.9,19.219027
1861.9,0.022122,1688965984707,1861.91,36.331071,1861.9,18.483982
1861.9,0.022122,1688965988861,1861.91,36.455071,1861.9,18.483982
1861.9,0.022122,1688965989066,1861.91,28.867031,1861.9,18.483982
1861.9,0.032225,1688965989180,1861.91,28.867031,1861.9,18.451757
1861.9,0.032225,1688965989283,1861.91,28.867031,1861.9,18.451757
1861.9,0.032225,1688965990561,1861.91,28.867031,1861.9,28.386157
1861.9,0.032225,1688965990807,1861.91,28.867031,1861.9,18.451757
1861.9,0.032225,1688965992107,1861.91,28.867031,1861.9,29.072157
1861.9,0.032225,1688965992862,1861.91,28.867031,1861.9,18.451757
1861.91,0.02112,1688965994606,1861.91,28.759615,1861.9,18.451757
1861.91,0.02112,1688965995096,1861.91,28.867031,1861.9,18.451757
1861.9,0.000849,1688965995311,1861.91,28.867031,1861.9,18.450908
1861.91,0.488496,1688965996606,1861.91,28.378535,1861.9,18.450908
1861.91,0.488496,1688966000107,1861.91,28.378535,1861.9,12.950908
1861.91,0.488496,1688966000216,1861.91,28.378535,1861.9,18.450908
1861.9,0.00955,1688966003732,1861.91,28.378535,1861.9,18.441358
1861.9,0.033372,1688966006704,1861.91,28.378535,1861.9,18.407986
1861.9,0.033372,1688966010407,1861.91,28.378535,1861.9,15.171036
1861.9,0.033372,1688966011407,1861.91,28.378535,1861.9,18.407986
1861.9,0.092,1688966011978,1861.91,28.378535,1861.9,18.315986
1861.9,0.092,1688966012207,1861.91,28.378535,1861.9,26.512226
1861.9,0.092,1688966012677,1861.91,28.378535,1861.9,18.315986
1861.9,0.092,1688966016895,1861.91,29.890593,1861.9,18.315986
1861.9,0.092,1688966019005,1861.91,29.890593,1861.9,28.285358
1861.9,0.092,1688966020406,1861.91,29.440593,1861.9,28.285358
1861.9,0.092,1688966021080,1861.91,26.90992,1861.9,28.285358
1861.9,0.092,1688966021306,1861.91,27.507148,1861.9,28.285358
1861.9,0.092,1688966022287,1861.91,29.019217,1861.9,28.276986
1861.9,0.092,1688966025307,1861.91,29.019217,1861.9,22.776986
1861.9,0.092,1688966025435,1861.91,29.019217,1861.9,28.276986
1861.91,0.000556,1688966026340,1861.91,29.018661,1861.9,28.276986
1861.91,0.000556,1688966029057,1861.91,29.434639,1861.9,29.464207
1861.9,3.033854,1688966029654,1861.91,29.434639,1861.9,25.060117
1861.9,2.944604,1688966029757,1861.91,29.434639,1861.9,16.615513
1861.9,2.944604,1688966029961,1861.91,32.252789,1861.9,13.378563
1861.9,2.944604,1688966030205,1861.91,32.258849,1861.9,1.187221
1861.9,2.944604,1688966032907,1861.91,29.434639,1861.9,9.924171
1861.9,2.944604,1688966033112,1861.91,29.434639,1861.9,15.669171
1861.9,2.944604,1688966033262,1861.91,29.434639,1861.9,24.174171
1861.9,0.08,1688966034372,1861.91,29.434639,1861.9,24.094171
1861.9,0.292892,1688966038790,1861.91,29.434639,1861.9,23.801279
1861.9,0.292892,1688966038894,1861.91,29.434639,1861.9,23.801279
1861.9,0.292892,1688966040103,1861.91,29.434639,1861.9,23.801279
1861.9,0.292892,1688966040305,1861.91,29.434639,1861.9,18.301279
1861.9,0.292892,1688966040507,1861.91,29.434639,1861.9,23.801279
1861.91,0.278289,1688966041004,1861.91,29.15635,1861.9,23.801279
1861.9,2.010485,1688966041106,1861.91,29.15635,1861.9,20.976465
1861.9,2.010485,1688966050651,1861.91,29.15635,1861.9,15.476465
1861.9,2.010485,1688966050906,1861.91,29.15635,1861.9,20.976465
1861.9,2.010485,1688966051856,1861.91,29.11235,1861.9,20.976465
1861.91,0.000537,1688966052106,1861.91,29.111813,1861.9,20.976465
1861.91,0.000537,1688966054962,1861.91,29.111813,1861.9,15.476465
1861.91,0.000537,1688966055166,1861.91,29.111813,1861.9,20.976465
1861.9,0.866813,1688966056579,1861.91,29.111813,1861.9,20.109652
1861.9,0.866813,1688966056706,1861.91,29.111813,1861.9,20.109652
1861.9,0.866813,1688966059706,1861.91,29.111813,1861.9,8.864652
1861.9,0.866813,1688966060496,1861.91,29.111813,1861.9,14.364652
1861.9,0.866813,1688966060907,1861.91,29.711973,1861.9,14.005
1861.9,0.866813,1688966061008,1861.91,29.711973,1861.9,8.505
1861.86,0.053708,1688966061161,1861.87,2.14551,1861.8,2.124
1861.8,0.123292,1688966061267,1861.81,27.467228,1861.8,7.500708
1861.8,0.123292,1688966061394,1861.81,27.952228,1861.8,15.699108
1861.8,0.123292,1688966061599,1861.81,27.952228,1861.8,18.936058
1861.8,0.123292,1688966062873,1861.81,27.952228,1861.8,13.436058
1861.8,0.123292,1688966063206,1861.81,27.952228,1861.8,18.936058
1861.8,0.123292,1688966064890,1861.81,27.355,1861.8,27.132298
1861.8,0.123292,1688966066577,1861.81,27.355,1861.8,28.207878
1861.8,0.123292,1688966066921,1861.81,27.355,1861.8,27.132298
1861.8,0.123292,1688966070636,1861.81,27.952228,1861.8,27.132298
1861.8,0.123292,1688966070738,1861.81,27.952228,1861.8,21.632298
1861.8,0.123292,1688966070841,1861.81,27.355,1861.8,27.132298
1861.8,0.123292,1688966072649,1861.81,27.952228,1861.8,27.132298
1861.8,0.123292,1688966075762,1861.81,27.355,1861.8,27.132298
1861.8,0.123292,1688966080483,1861.81,27.952228,1861.8,27.132298
1861.8,0.123292,1688966080707,1861.81,27.952228,1861.8,21.632298
1861.8,0.123292,1688966080862,1861.81,27.952228,1861.8,13.433898
1861.8,0.123292,1688966081484,1861.81,27.952228,1861.8,18.933898
1861.8,0.123292,1688966081585,1861.81,27.355,1861.8,27.252698
1861.8,0.123292,1688966082591,1861.81,27.355,1861.8,27.921797
1861.8,0.123292,1688966083496,1861.81,28.502228,1861.8,27.921797
1861.8,0.123292,1688966083707,1861.81,28.502228,1861.8,22.421797
1861.8,0.123292,1688966083833,1861.81,29.828528,1861.8,8.987899
1861.8,0.0075,1688966084076,1861.81,43.432978,1861.8,8.980399
1861.8,0.0075,1688966084193,1861.81,44.251706,1861.8,0.669099
1861.8,0.0075,1688966084406,1861.81,36.055466,1861.8,0.669099
1861.8,0.0075,1688966085206,1861.81,34.979886,1861.8,0.669099
1861.8,0.0075,1688966085307,1861.81,34.970885,1861.8,0.669099
1861.8,0.0075,1688966086109,1861.81,29.828528,1861.8,0.661599
1861.8,0.0075,1688966088207,1861.81,29.828528,1861.8,0.654099
1861.8,0.0075,1688966088787,1861.81,29.828528,1861.8,1.654099
1861.8,0.0075,1688966091030,1861.81,29.828528,1861.8,0.654099
1861.81,0.61177,1688966092706,1861.81,29.216758,1861.8,0.654099
1861.81,0.61177,1688966092835,1861.81,29.216758,1861.8,0.654099
1861.67,0.030103,1688966094705,1861.68,2.68542,1861.67,8.097749
1861.67,0.030103,1688966094806,1861.68,29.87,1861.67,34.383049
1861.67,0.030103,1688966095554,1861.68,29.87,1861.67,42.579289
1861.67,0.030103,1688966095906,1861.68,29.87,1861.67,35.021352
1861.67,0.030103,1688966096053,1861.68,29.87,1861.67,35.021352
1861.67,0.030103,1688966096607,1861.68,26.87,1861.67,35.021352
1861.67,0.030103,1688966100107,1861.68,26.87,1861.67,35.021352
1861.68,0.537149,1688966101974,1861.68,26.332851,1861.67,35.021352
1861.67,0.000109,1688966102390,1861.68,26.332851,1861.67,35.021243
1861.67,0.000109,1688966102506,1861.68,26.332851,1861.67,35.021243
1861.67,0.000109,1688966102708,1861.68,29.536749,1861.67,10.4342
1861.67,0.000109,1688966102967,1861.65,1.342876,1861.64,17.967617
1861.65,0.221268,1688966103086,1861.65,33.48291,1861.64,5.796712
1861.65,0.221268,1688966103187,1861.65,32.885682,1861.64,20.912449
1861.65,0.221268,1688966104294,1861.65,32.885682,1861.64,21.792449
1861.65,0.221268,1688966104661,1861.65,32.885682,1861.64,20.912449
1861.65,0.221268,1688966105297,1861.65,32.885682,1861.64,21.792449
1861.65,0.221268,1688966105506,1861.65,32.885682,1861.64,29.456049
1861.65,0.221268,1688966106507,1861.65,32.885682,1861.64,28.576049
1861.65,0.221268,1688966106608,1861.65,30.10695,1861.64,28.576049
1861.65,0.221268,1688966107304,1861.65,26.87,1861.64,43.853331
1861.65,0.221268,1688966107405,1861.65,26.87,1861.64,45.808911
1861.65,0.221268,1688966107506,1861.91,41.025622,1861.9,6.63574
1861.65,0.221268,1688966107607,1861.91,39.309622,1861.9,11.466374
1861.8,0.265,1688966107810,1861.81,41.194773,1861.8,7.359
1861.8,0.265,1688966107964,1861.81,42.261328,1861.8,7.359
1861.8,0.265,1688966108093,1861.81,41.6641,1861.8,18.79219
1861.8,0.265,1688966108306,1861.81,41.6641,1861.8,27.25659
1861.8,0.265,1688966109414,1861.81,41.6641,1861.8,28.33217
1861.8,0.265,1688966110118,1861.81,41.6641,1861.8,27.25659
1861.81,0.145868,1688966110789,1861.81,41.479115,1861.8,27.25659
1861.81,0.145868,1688966110907,1861.81,41.479115,1861.8,27.25659
1861.81,0.145868,1688966111326,1861.81,41.479115,1861.8,28.33217
1861.81,0.145868,1688966111431,1861.81,41.479115,1861.8,27.25659
1861.81,0.145868,1688966111582,1861.81,41.479115,1861.8,21.75659
1861.81,0.145868,1688966112728,1861.81,42.076343,1861.8,21.75659
1861.81,0.145868,1688966112829,1861.81,42.076343,1861.8,13.29219
1861.81,0.5,1688966112930,1861.81,41.576343,1861.8,13.29219
1861.81,0.5,1688966113031,1861.81,41.576343,1861.8,13.29219
1861.81,0.5,1688966113391,1861.81,40.979115,1861.8,18.79219
1861.81,0.5,1688966113623,1861.81,40.979115,1861.8,27.25659
1861.81,0.011512,1688966114610,1861.81,40.967603,1861.8,27.25659
1861.81,0.011512,1688966114849,1861.81,39.769603,1861.8,27.25659
1861.81,0.011512,1688966114997,1861.81,40.163603,1861.8,21.75659
1861.81,0.011512,1688966115307,1861.81,40.760831,1861.8,21.75659
1861.81,0.5,1688966116345,1861.81,39.663603,1861.8,21.75659
1861.81,0.5,1688966118007,1861.81,39.163603,1861.8,21.75659
1861.81,0.5,1688966118844,1861.81,39.163603,1861.8,27.25659
1861.8,0.867466,1688966119206,1861.81,39.163603,1861.8,27.521124
1861.81,0.5,1688966119677,1861.81,38.663603,1861.8,27.521124
1861.81,0.5,1688966119806,1861.81,38.663603,1861.8,27.521124
1861.81,0.5,1688966120273,1861.81,38.663603,1861.8,28.596704
1861.81,0.5,1688966121106,1861.81,38.663603,1861.8,27.521124
1861.81,0.432455,1688966121465,1861.81,38.231148,1861.8,28.596704
1861.81,0.432455,1688966121578,1861.81,38.231148,1861.8,27.521124
1861.81,0.432455,1688966122906,1861.81,46.615042,1861.8,27.521124
1861.81,0.233711,1688966123262,1861.81,46.381331,1861.8,27.521124
1861.81,0.261545,1688966124866,1861.81,46.119786,1861.8,27.521124
1861.81,0.261545,1688966125967,1861.81,35.647894,1861.8,27.521124
1861.81,0.261545,1688966126070,1861.81,35.647894,1861.8,27.530812
1861.81,0.252689,1688966126562,1861.81,27.011311,1861.8,27.530812
1861.81,0.252689,1688966127706,1861.81,27.011311,1861.8,28.606392
1861.81,0.252689,1688966127807,1861.81,27.011311,1861.8,27.530812
1861.81,0.252689,1688966128507,1861.81,27.011311,1861.8,29.042877
1861.8,0.991534,1688966128729,1861.81,27.011311,1861.8,28.051343
1861.8,3.29424,1688966128874,1861.81,27.011311,1861.8,20.863277
1861.81,0.355311,1688966129924,1861.81,26.656,1861.8,20.863277
1861.81,0.355311,1688966130025,1861.81,26.656,1861.8,24.961397
1861.81,0.5,1688966131496,1861.81,26.156,1861.8,24.961397
1861.81,0.5,1688966131606,1861.81,26.156,1861.8,29.059517
1861.81,0.5,1688966132036,1861.81,26.156,1861.8,29.071521
1861.81,0.5,1688966132406,1861.81,26.156,1861.8,30.147101
1861.81,0.5,1688966133197,1861.81,25.656,1861.8,30.147101
1861.81,0.5,1688966134108,1861.81,25.656,1861.8,29.071521
1861.81,0.5,1688966134807,1861.81,25.156,1861.8,29.071521
1861.81,0.5,1688966135255,1861.81,25.156,1861.8,29.154722
1861.81,0.165345,1688966136478,1861.81,24.990655,1861.8,29.154722
1861.81,0.165345,1688966136606,1861.81,24.990655,1861.8,29.154722
1861.81,0.803309,1688966139705,1861.81,24.187346,1861.8,29.154722
1861.81,0.022307,1688966140385,1861.81,24.165039,1861.8,29.154722
1861.81,0.022307,1688966140506,1861.81,24.165039,1861.8,29.154722
1861.81,0.022307,1688966146355,1861.81,24.830039,1861.8,29.154722
1861.8,3.23695,1688966149739,1861.81,24.830039,1861.8,25.917772
1861.8,0.420577,1688966149844,1861.81,24.830039,1861.8,19.985237
1861.8,0.420577,1688966150099,1861.81,24.830039,1861.8,11.941414
1861.8,0.420577,1688966150806,1861.81,25.434737,1861.8,14.637654
1861.8,0.420577,1688966150907,1861.81,24.830039,1861.8,20.137654
1861.8,0.420577,1688966151607,1861.81,24.830039,1861.8,27.861723
1861.81,0.003754,1688966154412,1861.81,24.826285,1861.8,27.861723
1861.81,0.003754,1688966155706,1861.81,24.826285,1861.8,14.165483
1861.81,0.003754,1688966155807,1861.81,26.095605,1861.8,14.165483
1861.81,0.003754,1688966155948,1861.81,26.692833,1861.8,14.165483
1861.81,0.003754,1688966156063,1861.81,26.692833,1861.8,9.959448
1861.81,0.003754,1688966156198,1861.81,26.692833,1861.8,2.235379
1861.81,0.003754,1688966156906,1861.81,26.095605,1861.8,11.429459
1861.81,0.003754,1688966158931,1861.81,26.692833,1861.8,9.305459
1861.81,0.003754,1688966159067,1861.81,27.774582,1861.8,9.305459
1861.81,0.003754,1688966159207,1861.81,31.587142,1861.8,0.111379
1861.8,0.083201,1688966159307,1861.66,47.050958,1861.65,6.803476
1861.8,0.083201,1688966159409,1861.66,47.985958,1861.65,6.803476
1861.8,0.083201,1688966159561,1861.66,46.910378,1861.65,6.803476
1861.8,0.083201,1688966159962,1861.66,46.910378,1861.65,15.209076
1861.8,0.083201,1688966160079,1861.66,46.31315,1861.65,15.209076
1861.8,0.083201,1688966160481,1861.66,46.31315,1861.65,23.405316
1861.66,0.011818,1688966164232,1861.66,46.301332,1861.65,31.416903
1861.66,0.857173,1688966165307,1861.66,45.444159,1861.65,32.929042
1861.66,0.857173,1688966165412,1861.66,33.172959,1861.65,32.929042
1861.66,0.857173,1688966166908,1861.66,31.04195,1861.65,52.920232
1861.66,0.857173,1688966167010,1861.66,31.04195,1861.65,47.413628
1861.66,0.857173,1688966167506,1861.66,31.04195,1861.65,48.293628
1861.66,0.857173,1688966167732,1861.66,31.04195,1861.65,46.749148
1861.66,0.857173,1688966167850,1861.66,31.04195,1861.65,45.869148
1861.65,0.268578,1688966168381,1861.66,61.324518,1861.65,7.386666
1861.65,0.268578,1688966168506,1861.66,61.324518,1861.65,7.118088
1861.45,0.003737,1688966168607,1861.45,41.553242,1861.44,8.33282
1861.45,0.003737,1688966168736,1861.45,40.548928,1861.44,9.15082
1861.45,0.003737,1688966168855,1861.45,40.548928,1861.44,8.28282
1861.45,0.003737,1688966169107,1861.45,33.71475,1861.44,37.57546
1861.45,0.003737,1688966169457,1861.45,1.01,1861.44,38.461158
1861.45,0.003737,1688966169606,1861.45,27.88,1861.44,38.45546
1861.45,0.006692,1688966170007,1861.45,27.873308,1861.44,37.57546
1861.45,0.006692,1688966172160,1861.45,27.873308,1861.44,36.49988
1861.45,0.006692,1688966172270,1861.45,27.873308,1861.44,37.37988
1861.45,0.006692,1688966172762,1861.45,27.873308,1861.44,36.49988
1861.45,0.006692,1688966173006,1861.45,27.873308,1861.44,37.57546
1861.45,0.006692,1688966173212,1861.45,1.003308,1861.44,81.168136
1861.45,0.006692,1688966173362,1861.73,0.023357,1861.72,2.11655
1861.45,0.006692,1688966173474,1861.73,55.532183,1861.72,29.030512
1861.45,0.006692,1688966173686,1861.73,54.860745,1861.72,29.030512
1861.45,0.006692,1688966173962,1861.73,54.860745,1861.72,8.19624
1861.45,0.006692,1688966174606,1861.73,47.272705,1861.72,8.19624
1861.73,2.007671,1688966174977,1861.73,45.241677,1861.72,8.19624
1861.73,2.007671,1688966175080,1861.73,45.241677,1861.72,8.220407
1861.73,2.007671,1688966175282,1861.73,46.753933,1861.72,8.220407
1861.73,2.007671,1688966177101,1861.73,25.474329,1861.72,31.013217
1861.73,2.007671,1688966177204,1861.73,25.474329,1861.72,55.599211
1861.73,2.007671,1688966177306,1861.73,25.474329,1861.72,29.937637
1861.73,2.007671,1688966177407,1861.73,25.474329,1861.72,31.449823
1861.73,2.007671,1688966177562,1861.73,25.474329,1861.72,32.530868
1861.73,2.007671,1688966177693,1861.73,25.474329,1861.72,31.449823
1861.73,2.007671,1688966177906,1861.73,26.224329,1861.72,23.253583
1861.73,2.007671,1688966178295,1861.73,26.224329,1861.72,30.370731
1861.73,2.007671,1688966178812,1861.73,26.224329,1861.72,23.253583
1861.73,2.007671,1688966179856,1861.73,26.224329,1861.72,23.264256
1861.73,2.007671,1688966180103,1861.73,26.224329,1861.72,32.194856
1861.73,2.007671,1688966180308,1861.73,27.902657,1861.72,15.752817
1861.73,2.007671,1688966180412,1861.73,29.414843,1861.72,15.752817
1861.73,2.007671,1688966180658,1861.73,29.414843,1861.72,6.822217
1861.73,2.007671,1688966180772,1861.73,29.414843,1861.72,7.690217
1861.73,2.007671,1688966180906,1861.73,29.414843,1861.72,6.822217
1861.73,2.007671,1688966183506,1861.73,26.224329,1861.72,16.537473
1861.73,0.125814,1688966185607,1861.73,26.098515,1861.72,16.537473
1861.73,0.125814,1688966186407,1861.73,26.098515,1861.72,17.613053
1861.73,0.125814,1688966186906,1861.73,26.098515,1861.72,16.537473
1861.73,0.125814,1688966187250,1861.73,26.098515,1861.72,32.818473
1861.73,0.125814,1688966187399,1861.73,26.098515,1861.72,32.824936
1861.73,0.125814,1688966187734,1861.73,26.098515,1861.72,31.749356
1861.73,0.125814,1688966188455,1861.73,26.098515,1861.72,41.435956
1861.73,0.125814,1688966190607,1861.73,26.098515,1861.72,35.935956
1861.73,0.125814,1688966191406,1861.73,26.098515,1861.72,26.249356
1861.73,0.125814,1688966191509,1861.73,26.098515,1861.72,18.053116
1861.73,0.125814,1688966193084,1861.73,26.890705,1861.72,18.046653
1861.73,0.125814,1688966193206,1861.73,27.487933,1861.72,18.046653
1861.73,0.125814,1688966193462,1861.73,26.890705,1861.72,25.913253
1861.73,0.125814,1688966193862,1861.73,26.890705,1861.72,25.920887
1861.73,0.125814,1688966194307,1861.73,37.842173,1861.72,14.688817
1861.73,0.125814,1688966194563,1861.73,42.014646,1861.72,7.890767
1861.73,0.125814,1688966194666,1861.73,42.014646,1861.72,0.024167
1861.42,0.049,1688966195110,1861.43,40.131348,1861.42,0.677616
1861.42,0.049,1688966195218,1861.43,41.012348,1861.42,8.1102
1861.42,0.049,1688966195331,1861.43,41.012348,1861.42,9.0032
1861.42,0.049,1688966195805,1861.43,41.012348,1861.42,0.893
1861.42,0.049,1688966197207,1861.43,41.012348,1861.42,7.9028
1861.42,0.049,1688966197308,1861.43,40.41512,1861.42,17.39728
1861.42,0.049,1688966197667,1861.43,0.881,1861.42,75.480504
1861.42,0.049,1688966197906,1861.65,35.946045,1861.64,55.151195
1861.65,0.005371,1688966198007,1861.65,35.940674,1861.64,55.159336
1861.65,0.005371,1688966198109,1861.65,35.940674,1861.64,26.479413
1861.65,0.005371,1688966198262,1861.65,28.352634,1861.64,26.479413
1861.65,0.005371,1688966198607,1861.65,31.349914,1861.64,26.479413
1861.64,0.005365,1688966198713,1861.65,31.349914,1861.64,26.474048
1861.64,0.005365,1688966198983,1861.65,31.349914,1861.64,23.237098
1861.64,0.005365,1688966199106,1861.65,31.349914,1861.64,31.837298
1861.64,0.005365,1688966200063,1861.65,31.349914,1861.64,31.829157
1861.64,0.005365,1688966200307,1861.65,31.349914,1861.64,31.834532
1861.64,0.005365,1688966200409,1861.65,31.349914,1861.64,31.829157
1861.64,0.005365,1688966200519,1861.65,31.349914,1861.64,23.632917
1861.64,0.005365,1688966200662,1861.65,31.349914,1861.64,23.639185
1861.64,0.005365,1688966201262,1861.65,31.349914,1861.64,23.632917
1861.64,0.005365,1688966201364,1861.65,31.349914,1861.64,23.638509
1861.64,0.005365,1688966201724,1861.65,31.349914,1861.64,22.745303
1861.65,1.036406,1688966201969,1861.65,30.313508,1861.64,15.032717
1861.65,1.036406,1688966202106,1861.65,30.313508,1861.64,15.032717
1861.65,1.036406,1688966204874,1861.65,30.321154,1861.64,15.032717
1861.65,1.036406,1688966209429,1861.65,30.637154,1861.64,15.032717
1861.65,1.036406,1688966209561,1861.65,31.234382,1861.64,15.032717
1861.65,1.036406,1688966212507,1861.65,30.637154,1861.64,16.781697
1861.65,1.036406,1688966212872,1861.65,30.637154,1861.64,15.032717
1861.65,1.036406,1688966212978,1861.65,33.672578,1861.64,6.79805
1861.65,1.036406,1688966213101,1861.65,68.733602,1861.64,6.79805
1861.65,1.036406,1688966213206,1861.45,41.76446,1861.44,8.6868
1861.65,1.036406,1688966213307,1861.45,43.393688,1861.44,8.2794
1861.65,1.036406,1688966213412,1861.45,43.393688,1861.44,16.47564
1861.65,1.036406,1688966213561,1861.45,39.55951,1861.44,19.71259
1861.65,1.036406,1688966213705,1861.45,39.55951,1861.44,20.78817
1861.65,1.036406,1688966213806,1861.45,39.55951,1861.44,19.71259
1861.65,1.036406,1688966213961,1861.45,39.55951,1861.44,26.09259
1861.65,1.036406,1688966214106,1861.45,39.55951,1861.44,27.16817
1861.65,1.036406,1688966214506,1861.45,27.89,1861.44,27.16817
1861.65,1.036406,1688966214762,1861.45,27.89,1861.44,26.09259
1861.65,1.036406,1688966215162,1861.45,27.89,1861.44,25.21259
1861.65,1.036406,1688966215264,1861.45,27.89,1861.44,26.09259
1861.65,1.036406,1688966215506,1861.45,27.89,1861.44,27.16817
1861.65,1.036406,1688966216246,1861.45,27.89,1861.44,34.34279
1861.65,1.036406,1688966216962,1861.45,27.89,1861.44,27.604845
1861.65,1.036406,1688966217655,1861.45,1.032,1861.44,65.184413
1861.65,1.036406,1688966218000,1861.65,3.45828,1861.44,65.994137
1861.65,1.036406,1688966218106,1861.65,27.31628,1861.64,34.877396
1861.65,1.036406,1688966218463,1861.65,27.31628,1861.64,21.984194
1861.65,1.036406,1688966219608,1861.65,27.31628,1861.64,20.908614
1861.65,0.011065,1688966219736,1861.65,28.381215,1861.64,20.908614
1861.65,0.011065,1688966219868,1861.65,28.381215,1861.64,20.908614
1861.65,0.011065,1688966220107,1861.65,28.381215,1861.64,20.908614
1861.65,0.011065,1688966220211,1861.65,1.523215,1861.64,40.669997
1861.65,0.011065,1688966220312,1861.65,0.025633,1861.64,40.669997
1861.65,0.011065,1688966221307,1861.65,0.025633,1861.64,42.182126
1861.65,0.011065,1688966222623,1861.65,26.883633,1861.64,42.182126
1861.65,0.011065,1688966223006,1861.65,26.883633,1861.64,41.302126
1861.65,0.011065,1688966223107,1861.65,26.883633,1861.64,39.416828
1861.65,0.011065,1688966223891,1861.65,26.883633,1861.64,41.302128
1861.65,0.011375,1688966224493,1861.65,26.872258,1861.64,41.302128
1861.65,0.011375,1688966224606,1861.65,26.865646,1861.64,41.302128
1861.65,0.011375,1688966226971,1861.65,26.865646,1861.64,42.182128
1861.65,0.011375,1688966227212,1861.65,26.865646,1861.64,41.106548
1861.65,0.011375,1688966227435,1861.65,26.865646,1861.64,39.416828
1861.65,0.011375,1688966227588,1861.65,26.865646,1861.64,28.740894
1861.65,0.011375,1688966227907,1861.65,26.865646,1861.64,30.461821
1861.65,0.011375,1688966228714,1861.65,26.865646,1861.64,31.341821
1861.65,0.011375,1688966228861,1861.65,0.007646,1861.64,44.837134
1861.65,0.011375,1688966228981,1861.65,0.007646,1861.64,45.64686
1861.65,0.011375,1688966230007,1861.65,26.865646,1861.64,45.64686
1861.65,0.011375,1688966230120,1861.65,0.007646,1861.64,45.64686
1861.65,0.007646,1688966230906,1861.77,0.420569,1861.64,58.982599
1861.65,0.007646,1688966231007,1861.8,28.121263,1861.79,92.477394
1861.65,0.007646,1688966231125,1861.8,28.121263,1861.79,92.272922
1861.65,0.007646,1688966231506,1861.8,29.572263,1861.79,92.272922
1861.65,0.007646,1688966231607,1861.8,30.67458,1861.79,92.272922
1861.65,0.007646,1688966232807,1861.8,31.271808,1861.79,41.616496
1861.65,0.007646,1688966233793,1861.8,30.67458,1861.79,42.692076
1861.65,0.007646,1688966234137,1861.8,30.67458,1861.79,43.12856
1861.65,0.007646,1688966234263,1861.8,31.132,1861.79,44.20414
1861.65,0.007646,1688966235507,1861.8,31.132,1861.79,42.09193
1861.65,0.007646,1688966235662,1861.8,31.132,1861.79,43.16751
1861.65,0.007646,1688966236949,1861.8,31.132,1861.79,42.09193
1861.65,0.007646,1688966237063,1861.8,31.729228,1861.79,36.59193
1861.65,0.007646,1688966237206,1861.8,31.729228,1861.79,34.43056
1861.65,0.007646,1688966237606,1861.8,31.729228,1861.79,34.43056
1861.65,0.007646,1688966238888,1861.8,31.729228,1861.79,33.35498
1861.8,0.002959,1688966239006,1861.8,31.726006,1861.79,33.35498
1861.8,0.002959,1688966239107,1861.8,31.128778,1861.79,34.43056
1861.8,0.002959,1688966239211,1861.8,31.726006,1861.79,27.52023
1861.8,0.002959,1688966239466,1861.8,31.726006,1861.79,16.918926
1861.8,0.002959,1688966239570,1861.8,31.726006,1861.79,15.57605
1861.8,0.002959,1688966239678,1861.8,39.922246,1861.79,6.79805
1861.7,0.186254,1688966239805,1861.71,85.189259,1861.65,0.726736
1861.7,0.186254,1688966239906,1861.65,81.233129,1861.64,1.211224
1861.54,0.000737,1688966240108,1861.55,42.361688,1861.54,0.893
1861.55,0.034121,1688966240363,1861.55,42.327567,1861.54,1.96858
1861.55,0.034121,1688966241106,1861.55,43.839628,1861.54,1.96858
1861.55,0.034121,1688966241310,1861.55,43.839628,1861.54,0.893
1861.55,0.034121,1688966241706,1861.5,39.526928,1861.49,9.880223
1861.55,0.034121,1688966242170,1861.5,35.9297,1861.49,24.114402
1861.55,0.034121,1688966242462,1861.5,35.9297,1861.49,25.189982
1861.55,0.034121,1688966242572,1861.5,35.9297,1861.49,46.792239
1861.55,0.034121,1688966243107,1861.5,35.9297,1861.49,48.304428
1861.55,0.034121,1688966243661,1861.5,35.9297,1861.49,39.032608
1861.55,0.034121,1688966243906,1861.5,35.9297,1861.49,40.108188
1861.55,0.034121,1688966244606,1861.5,35.9297,1861.49,39.032608
1861.55,0.034121,1688966245207,1861.5,36.526928,1861.49,22.576252
1861.55,0.034121,1688966245463,1861.5,36.526928,1861.49,26.972883
1861.55,0.034121,1688966246392,1861.5,36.526928,1861.49,14.563036
1861.55,0.034121,1688966246506,1861.5,36.526928,1861.49,0.974
1861.49,0.001604,1688966246936,1861.5,36.526928,1861.49,0.972396
1861.49,0.001604,1688966247306,1861.43,33.09495,1861.42,20.589249
1861.49,0.001604,1688966248712,1861.43,33.09495,1861.42,50.840047
1861.49,0.001604,1688966249207,1861.43,33.09495,1861.42,35.259354
1861.49,0.001604,1688966249346,1861.43,33.09495,1861.42,36.980286
1861.49,0.001604,1688966249463,1861.43,33.09495,1861.42,35.259354
1861.49,0.001604,1688966249807,1861.43,33.09495,1861.42,51.603598
1861.49,0.001604,1688966249950,1861.43,29.858,1861.42,51.603598
1861.49,0.001604,1688966250306,1861.43,26.858,1861.42,35.259354
1861.42,0.19,1688966250551,1861.43,26.858,1861.42,35.069354
1861.42,0.19,1688966250806,1861.43,26.858,1861.42,36.821931
1861.43,3.754042,1688966250907,1861.43,23.103958,1861.42,60.67304
1861.43,3.754042,1688966251008,1861.43,23.103958,1861.42,45.695169
1861.43,3.754042,1688966251356,1861.43,23.103958,1861.42,44.619589
1861.43,3.754042,1688966251473,1861.43,23.103958,1861.42,46.340521
1861.43,3.754042,1688966251707,1861.43,23.103958,1861.42,44.619589
1861.43,3.754042,1688966251811,1861.43,23.103958,1861.42,61.554763
1861.43,3.754042,1688966252206,1861.43,23.103958,1861.42,63.113164
1861.43,3.754042,1688966252605,1861.43,23.103958,1861.42,45.593589
1861.43,3.754042,1688966252706,1861.43,26.340908,1861.42,44.771369
1861.43,3.754042,1688966253206,1861.43,26.340908,1861.42,40.673249
1861.43,3.754042,1688966253361,1861.43,26.340908,1861.42,42.39418
1861.43,3.754042,1688966253482,1861.43,26.340908,1861.42,40.673249
1861.43,3.754042,1688966253607,1861.43,26.340908,1861.42,57.017489
1861.43,3.754042,1688966254162,1861.43,26.340908,1861.42,40.673249
1861.42,0.0075,1688966254395,1861.43,26.340908,1861.42,18.428747
1861.42,0.0075,1688966254503,1861.43,26.938136,1861.42,8.441548
1861.42,0.0075,1688966254762,1861.43,28.052136,1861.42,8.441548
1861.42,0.0075,1688966255107,1861.43,28.052136,1861.42,9.334548
1861.42,0.0075,1688966256562,1861.43,28.052136,1861.42,9.327048
1861.42,0.0075,1688966258406,1861.43,28.052136,1861.42,8.434048
1861.42,0.0075,1688966258514,1861.43,28.052136,1861.42,8.426548
1861.42,0.0075,1688966258637,1861.43,28.052136,1861.42,8.426548
1861.42,0.0075,1688966258907,1861.43,28.052136,1861.42,9.319548
1861.42,0.161792,1688966259407,1861.43,28.052136,1861.42,8.264756
1861.42,0.161792,1688966260106,1861.43,28.052136,1861.42,9.157756
1861.42,0.161792,1688966260362,1861.43,28.052136,1861.42,8.264756
1861.42,0.161792,1688966261007,1861.43,28.052136,1861.42,9.157756
1861.42,0.161792,1688966261306,1861.43,28.052136,1861.42,8.264756
1861.42,0.011721,1688966262217,1861.43,28.052136,1861.42,8.253035
1861.43,0.005372,1688966262707,1861.43,28.046764,1861.42,7.279035
1861.43,0.005372,1688966265206,1861.43,29.559027,1861.42,7.279035
1861.42,0.0193,1688966265466,1861.43,29.559027,1861.42,7.259735
1861.42,0.035754,1688966266407,1861.43,29.559027,1861.42,7.223981
1861.42,0.035754,1688966266512,1861.43,27.336357,1861.42,11.353931
1861.42,0.035754,1688966266624,1861.43,24.809814,1861.42,18.020431
1861.42,0.035754,1688966267807,1861.43,26.329724,1861.42,18.020431
1861.42,0.035754,1688966270006,1861.43,24.220233,1861.42,31.724084
1861.42,0.035754,1688966270491,1861.43,24.220233,1861.42,26.216671
1861.42,0.035754,1688966270707,1861.43,25.332631,1861.42,26.216671
1861.42,0.035754,1688966270962,1861.43,25.332631,1861.42,22.979721
1861.43,0.268508,1688966272050,1861.43,25.075598,1861.42,22.979721
1861.43,0.268508,1688966272507,1861.43,23.961598,1861.42,22.979721
1861.43,0.268508,1688966272906,1861.43,23.961598,1861.42,14.783481
1861.43,0.268508,1688966274662,1861.43,25.209598,1861.42,14.783481
1861.43,0.268508,1688966274906,1861.43,26.721847,1861.42,14.783481
1861.42,0.000509,1688966277992,1861.43,26.721847,1861.42,14.315899
1861.42,0.000509,1688966278462,1861.43,26.721847,1861.42,14.880259
1861.42,0.000509,1688966278597,1861.43,24.61237,1861.42,14.880259
1861.42,0.000509,1688966279207,1861.43,24.61237,1861.42,16.392515
1861.42,0.000509,1688966280067,1861.43,24.61237,1861.42,16.392515
1861.42,0.000509,1688966282306,1861.43,25.209598,1861.42,14.935155
1861.42,0.000509,1688966283712,1861.43,25.209598,1861.42,6.756399
1861.42,0.000509,1688966284005,1861.43,25.209598,1861.42,7.649399
1861.42,0.000509,1688966284207,1861.43,25.209598,1861.42,6.756399
1861.42,0.000509,1688966284326,1861.43,26.721856,1861.42,6.756399
1861.42,0.000509,1688966287862,1861.43,26.714209,1861.42,6.756399
1861.42,0.793893,1688966288348,1861.43,26.714209,1861.42,5.962506
1861.42,1.0631,1688966290008,1861.43,26.714209,1861.42,4.899406
1861.42,1.0631,1688966291471,1861.43,26.714209,1861.42,5.048432
1861.42,0.740867,1688966293758,1861.43,26.714209,1861.42,4.307565
1861.42,0.740867,1688966293868,1861.43,26.714209,1861.42,4.307565
1861.42,0.740867,1688966296506,1861.43,29.436825,1861.42,4.307565
1861.42,0.740867,1688966297106,1861.43,29.436825,1861.42,4.318336
1861.42,0.740867,1688966297362,1861.43,29.429524,1861.42,4.318336
1861.42,0.740867,1688966297912,1861.43,30.513485,1861.42,0.159797
1861.42,0.010771,1688966298018,1861.22,59.452686,1861.21,1.128446
1861.17,0.671438,1688966298119,1861.17,37.882838,1861.16,6.090062
1861.17,0.328562,1688966298236,1861.12,47.742616,1861.11,1.128504
1861.05,0.301283,1688966298367,1861.06,40.329995,1861.05,1.079717
1861.02,1,1688966298495,1861.02,29.823623,1861.01,2.395966
1861.02,1,1688966298606,1861.02,29.692178,1861.01,1.315966
1861.01,0.4526,1688966298810,1861.02,29.692178,1861.01,0.863366
1861.01,0.4526,1688966298912,1861.02,29.692178,1861.01,0.863366
1861.01,0.4526,1688966299507,1861.01,48.471289,1861,0.117623
1861.01,0.4526,1688966300006,1861.01,48.471289,1861,0.619623
1861.01,0.4526,1688966300707,1861.01,48.471289,1861,2.241623
1861.01,0.4526,1688966301106,1861.01,48.480548,1861,0.117623
1861.01,0.4526,1688966301207,1861.01,65.765592,1861,0.063894
1861.01,0.4526,1688966301308,1861.01,66.645592,1861,0.063894
1861.01,0.4526,1688966301807,1861.01,65.570012,1861,0.063894
1861,0.0075,1688966302342,1861.01,67.42846,1861,0.056394
1861,0.01,1688966302459,1861.01,67.42846,1861,0.043894
1861,0.01,1688966303307,1861.01,67.428461,1861,0.043894
1861,0.01,1688966303428,1861.01,68.940959,1861,0.043894
1861,0.01,1688966304206,1861.01,67.393379,1861,0.043894
1861,0.01,1688966304307,1861.01,68.468959,1861,0.043894
1861,0.01,1688966304434,1861.01,67.393379,1861,0.043894
1861,0.0125,1688966304580,1861.01,68.468828,1861,0.023894
1861,0.0125,1688966304706,1861.01,68.468828,1861,0.023894
1861.01,0.113468,1688966304807,1861.01,67.27978,1861,0.023894
1861.01,0.113468,1688966305463,1861.01,68.35536,1861,0.023894
1861.01,0.113468,1688966305706,1861.01,67.27978,1861,0.023894
1861.01,0.113468,1688966306307,1861.01,68.35536,1861,0.023894
1861.01,0.113468,1688966306408,1861.01,67.27978,1861,0.023894
1861.01,0.004004,1688966306798,1861.01,68.351356,1861,0.023894
1861.01,0.004004,1688966306906,1861.01,67.275776,1861,0.023894
1861.01,0.004004,1688966307007,1861.01,68.351356,1861,0.023894
1861.01,0.004004,1688966307263,1861.01,66.395776,1861,0.023894
1861.01,0.004004,1688966307507,1861.01,67.471356,1861,0.023894
1861.01,0.004004,1688966308007,1861.01,66.395776,1861,0.023894
1861.01,0.004004,1688966308406,1861.01,68.351356,1861,0.023894
1861.01,0.004004,1688966309255,1861.01,61.207782,1861,0.023894
1861.01,0.004004,1688966309762,1861.01,62.272375,1861,0.023894
1860.98,0.005374,1688966310263,1861.01,62.272375,1860.81,1.339781
1860.98,0.005374,1688966310405,1860.81,64.112092,1860.8,2.232963
1860.8,0.000371,1688966310506,1860.81,63.849202,1860.8,2.232592
1860.8,0.000371,1688966310662,1860.81,67.947322,1860.8,0.108592
1860.8,0.000371,1688966311362,1860.81,68.328322,1860.8,0.108592
1860.8,0.000371,1688966312107,1860.81,69.403902,1860.8,0.108592
1860.8,0.000371,1688966312862,1860.81,68.328322,1860.8,0.108592
1860.8,0.000371,1688966313307,1860.81,64.230202,1860.8,0.108592
1860.8,0.000371,1688966313674,1860.81,65.742937,1860.8,0.108592
1860.8,0.000371,1688966314709,1860.81,66.818517,1860.8,0.108592
1860.8,0.000371,1688966314862,1860.81,65.742937,1860.8,0.108592
1860.8,0.000371,1688966314975,1860.81,66.818517,1860.8,0.108592
1860.8,0.000371,1688966316006,1860.81,65.742937,1860.8,0.108592
1860.8,0.000371,1688966318261,1860.81,66.818517,1860.8,0.108592
1860.8,0.025948,1688966318606,1860.81,65.742937,1860.8,0.082644
1860.8,0.025948,1688966318708,1860.81,66.818517,1860.8,0.082644
1860.8,0.025948,1688966319099,1860.81,41.981763,1860.8,13.407964
1860.8,0.025948,1688966319206,1860.81,39.8718,1860.8,19.862464
1860.8,0.025948,1688966319806,1860.81,40.469028,1860.8,11.666224
1860.8,1.03143,1688966320064,1860.81,40.469028,1860.8,11.58315
1860.8,1.03143,1688966320304,1860.81,39.8718,1860.8,13.095885
1860.8,1.03143,1688966321506,1860.81,39.8718,1860.8,26.792125
1860.8,1.03143,1688966323116,1860.81,39.8718,1860.8,36.026525
1860.8,1.03143,1688966323507,1860.81,39.8718,1860.8,30.526525
1860.8,1.03143,1688966323907,1860.81,39.4908,1860.8,30.526525
1860.8,1.03143,1688966324262,1860.81,39.4908,1860.8,36.026525
1860.8,1.03143,1688966328461,1860.81,39.4908,1860.8,22.330285
1860.8,1.03143,1688966329862,1860.81,40.088028,1860.8,13.095885
1860.8,1.03143,1688966329975,1860.81,40.088028,1860.8,11.58315
1860.8,1.03143,1688966331306,1860.81,40.088028,1860.8,19.77939
1860.8,1.03143,1688966331407,1860.81,39.4908,1860.8,19.77939
1860.8,1.03143,1688966332007,1860.81,39.4908,1860.8,21.292148
1860.8,1.03143,1688966333207,1860.81,39.4908,1860.8,26.792148
1860.8,1.03143,1688966333311,1860.81,39.4908,1860.8,21.292148
1860.8,1.03143,1688966334407,1860.81,39.4908,1860.8,21.292658
1860.8,1.03143,1688966334684,1860.81,40.088028,1860.8,13.096418
1860.8,1.03143,1688966335569,1860.81,26.858,1860.8,26.798519
1860.8,1.03143,1688966335706,1860.81,26.858,1860.8,21.292658
1860.8,1.03143,1688966335807,1860.81,26.858,1860.8,26.792658
1860.8,1.03143,1688966336070,1860.81,26.858,1860.8,21.292658
1860.81,0.940142,1688966337961,1860.81,25.917858,1860.8,21.292658
1860.81,0.940142,1688966340106,1860.81,25.917858,1860.8,21.292658
1860.81,0.022656,1688966341008,1860.81,25.895202,1860.8,21.292658
1860.81,0.022656,1688966341628,1860.81,25.895202,1860.8,30.813243
1860.81,0.022656,1688966342005,1860.81,25.895202,1860.8,30.812738
1860.81,0.022656,1688966342106,1860.81,25.895202,1860.8,21.292658
1860.81,0.022656,1688966343707,1860.81,25.895202,1860.8,20.212658
1860.81,0.022656,1688966346007,1860.81,25.895202,1860.8,13.096418
1860.81,0.022656,1688966348073,1860.81,25.895202,1860.8,23.030818
1860.81,0.022656,1688966348407,1860.81,25.895202,1860.8,49.404416
1860.81,0.022656,1688966348562,1860.81,25.895202,1860.8,50.378416
1860.81,0.02687,1688966349595,1860.81,25.868332,1860.8,50.378416
1860.81,0.02687,1688966349706,1860.81,25.868332,1860.8,50.378416
1860.81,0.02687,1688966350206,1860.81,25.868332,1860.8,77.802759
1860.81,0.02687,1688966350428,1861.04,38.597088,1861.03,5.66031
1860.81,0.02687,1688966351163,1861.04,37.99986,1861.03,13.00471
1860.81,0.02687,1688966352507,1861.04,34.99986,1861.03,13.00471
1860.81,0.02687,1688966353108,1861.04,34.99986,1861.03,19.29891
1860.81,0.02687,1688966353240,1861.04,28.105,1861.03,32.99515
1860.81,0.02687,1688966353362,1861.04,1.247,1861.03,33.87515
1860.81,0.02687,1688966354407,1861.04,1.247,1861.03,35.387906
1860.81,0.02687,1688966355907,1861.04,1.247,1861.03,22.543506
1860.81,0.02687,1688966356406,1861.04,1.247,1861.03,29.887906
1860.81,0.02687,1688966356508,1861.04,1.247,1861.03,35.387906
1860.81,0.02687,1688966356655,1861.04,1.247,1861.03,29.887906
1860.81,0.02687,1688966356867,1861.04,4.247,1861.03,29.887906
1860.81,0.02687,1688966357006,1861.04,4.247,1861.03,21.691666
1860.81,0.02687,1688966357107,1861.04,4.247,1861.03,13.467266
1861.04,0.053093,1688966357590,1861.04,4.193907,1861.03,13.467266
1861.04,0.053093,1688966357701,1861.04,4.193907,1861.03,13.474399
1861.04,0.053093,1688966357806,1861.04,31.051907,1861.03,12.123906
1861.04,0.053093,1688966360106,1861.04,28.051907,1861.03,12.123906
1861.03,0.050225,1688966361507,1861.04,28.0691,1861.03,12.073681
1861.03,0.050225,1688966362707,1861.04,28.0691,1861.03,13.047681
1861.03,0.050225,1688966364299,1861.04,28.0691,1861.03,18.547681
1861.03,0.050225,1688966364607,1861.04,28.0691,1861.03,13.047681
1861.03,0.050225,1688966366289,1861.04,28.0691,1861.03,18.547681
1861.03,0.050225,1688966366612,1861.04,28.0691,1861.03,26.752673
1861.03,0.050225,1688966367262,1861.04,26.875193,1861.03,26.752673
1861.03,0.050225,1688966368110,1861.04,26.875193,1861.03,21.243921
1861.03,0.050225,1688966368508,1861.04,26.875193,1861.03,26.75143
1861.03,0.050225,1688966369711,1861.04,26.875193,1861.03,18.55519
1861.03,0.050225,1688966369862,1861.04,26.875193,1861.03,18.547681
1861.03,0.050225,1688966369964,1861.04,26.875193,1861.03,13.047681
1861.03,0.050225,1688966370367,1861.04,26.875193,1861.03,18.547681
1861.03,0.050225,1688966371861,1861.04,26.875193,1861.03,13.047681
1861.03,0.050225,1688966372207,1861.04,27.472421,1861.03,6.753481
1861.03,0.050225,1688966372320,1861.04,28.356391,1861.03,6.753481
1861.03,0.0074,1688966373906,1861.04,28.356391,1861.03,6.746081
1861.03,0.0074,1688966374007,1861.04,28.356391,1861.03,6.746081
1861.03,0.0074,1688966376261,1861.04,28.356391,1861.03,5.233325
1861.03,0.0074,1688966376385,1861.04,28.735391,1861.03,5.233325
1861.03,0.0074,1688966377465,1861.04,30.248049,1861.03,5.233325
1861.03,0.0074,1688966378409,1861.04,30.248049,1861.03,4.153325
1861.03,0.0074,1688966378795,1861.04,30.248049,1861.03,5.233325
1861.03,0.0074,1688966379197,1861.04,29.364079,1861.03,5.233325
1861.03,0.0074,1688966379407,1861.04,27.254193,1861.03,11.068075
1861.03,0.0074,1688966380153,1861.04,27.254193,1861.03,17.770575
1861.03,0.0074,1688966380755,1861.04,27.254193,1861.03,19.283233
1861.03,0.0074,1688966385112,1861.04,28.074141,1861.03,5.233325
1861.03,0.0074,1688966385707,1861.04,28.074141,1861.03,4.259325
1861.03,0.0074,1688966386307,1861.04,27.851421,1861.03,10.948825
1861.03,0.0074,1688966387009,1861.04,27.394072,1861.03,16.448825
1861.03,0.0074,1688966387233,1861.04,27.394072,1861.03,24.645065
1861.03,0.0074,1688966388007,1861.04,27.394072,1861.03,19.145065
1861.03,0.0074,1688966390907,1861.04,27.9913,1861.03,19.145065
1861.03,0.0074,1688966391162,1861.04,27.394072,1861.03,24.645065
1861.03,0.0074,1688966391506,1861.04,27.394072,1861.03,19.145065
1861.04,0.363775,1688966392209,1861.04,27.030297,1861.03,19.145065
1861.04,0.363775,1688966393307,1861.04,27.030297,1861.03,20.657723
1861.04,0.363775,1688966395884,1861.04,27.030297,1861.03,26.157723
1861.04,0.363775,1688966396006,1861.04,27.030297,1861.03,20.657723
1861.04,0.363775,1688966396967,1861.04,27.030297,1861.03,26.157723
1861.04,0.363775,1688966398045,1861.04,27.030297,1861.03,20.657723
1861.04,0.363775,1688966398770,1861.04,27.956297,1861.03,20.657723
1861.03,0.016166,1688966400110,1861.04,27.956297,1861.03,20.641557
1861.03,0.022861,1688966401247,1861.04,27.956297,1861.03,20.618696
1861.03,0.022861,1688966401359,1861.04,28.553525,1861.03,8.318418
1861.03,0.022861,1688966402050,1861.04,28.553525,1861.03,15.66583
1861.03,0.022861,1688966402190,1861.04,27.956297,1861.03,21.75723
1861.03,0.022861,1688966405307,1861.04,28.553525,1861.03,17.65911
1861.03,0.022861,1688966406462,1861.04,27.956297,1861.03,25.85535
1861.03,0.022861,1688966407507,1861.04,27.956297,1861.03,31.35535
1861.03,0.022861,1688966408145,1861.04,27.956297,1861.03,25.85535
1861.03,0.022861,1688966408262,1861.04,27.956297,1861.03,31.35535
1861.03,0.022861,1688966409681,1861.04,27.956297,1861.03,25.85535
1861.03,0.022861,1688966409907,1861.04,27.956297,1861.03,31.35535
1861.04,1.10605,1688966412007,1861.04,26.850247,1861.03,31.35535
1861.04,1.10605,1688966412893,1861.04,26.850247,1861.03,25.85535
1861.04,1.10605,1688966414006,1861.04,26.850247,1861.03,31.35535
1861.04,1.10605,1688966414367,1861.04,26.850247,1861.03,25.85535
1861.04,1.10605,1688966414501,1861.04,26.850247,1861.03,21.75723
1861.04,1.10605,1688966420124,1861.04,26.850247,1861.03,17.65911
1861.04,1.10605,1688966420593,1861.04,26.850247,1861.03,23.15911
1861.04,1.10605,1688966421606,1861.04,26.850247,1861.03,17.65911
1861.04,1.10605,1688966423614,1861.04,26.850247,1861.03,23.15911
1861.04,1.10605,1688966424206,1861.04,26.850247,1861.03,17.65911
1861.04,1.10605,1688966430406,1861.04,30.718425,1861.03,16.691582
1861.04,1.10605,1688966430680,1861.04,26.884247,1861.03,16.691582
1861.04,1.10605,1688966435872,1861.04,27.481475,1861.03,10.600182
1861.04,1.10605,1688966437109,1860.95,40.705348,1860.94,0.584407
1861.04,1.10605,1688966437212,1860.92,51.967013,1860.91,0.4
1861.04,1.10605,1688966437314,1860.92,51.967013,1860.91,1.48
1861.04,1.10605,1688966437467,1860.92,54.888419,1860.91,0.4
1861.04,1.10605,1688966438202,1860.82,3.131445,1860.81,2.354448
1861.04,1.10605,1688966438306,1860.82,3,1860.81,2.354448
1861.04,1.10605,1688966438515,1860.82,13.2177,1860.81,3.002457
1861.04,1.10605,1688966438785,1860.82,15.356298,1860.81,3.002457
1861.04,1.10605,1688966441215,1860.82,14.75907,1860.81,13.29875
1861.04,1.10605,1688966441328,1860.82,13.2177,1860.81,14.573205
1861.04,1.10605,1688966441482,1860.82,13.2177,1860.81,16.993482
1861.04,1.10605,1688966447307,1860.81,20.964488,1860.8,2.12408
1861.04,1.10605,1688966447411,1860.81,34.355824,1860.8,0.00051
1861.04,1.10605,1688966448506,1860.81,33.280244,1860.8,0.00051
1861.04,1.10605,1688966448850,1860.81,29.22867,1860.8,0.00051
1861.04,1.10605,1688966449506,1860.81,29.22867,1860.8,3.20451
1861.04,1.10605,1688966449607,1860.81,29.22867,1860.8,2.12451
1861.04,1.10605,1688966449736,1860.81,30.30425,1860.8,2.12451
1861.04,1.10605,1688966449854,1860.81,30.30425,1860.8,3.20451
1861.04,1.10605,1688966449966,1860.81,29.22867,1860.8,3.20451
1861.04,1.10605,1688966450106,1860.81,30.30425,1860.8,3.20451
1861.04,1.10605,1688966450569,1860.81,29.22867,1860.8,3.20451
1861.04,1.10605,1688966451544,1860.81,13.120505,1860.8,6.44146
1861.04,1.10605,1688966452462,1860.81,13.120505,1860.8,7.954266
1861.04,1.10605,1688966454261,1860.81,13.120505,1860.8,16.150506
1861.04,1.10605,1688966460107,1860.81,13.120505,1860.8,16.150506
1860.8,1.07449,1688966460363,1860.81,13.120505,1860.8,16.149506
1860.8,1.07449,1688966461820,1860.81,12.655505,1860.8,16.149506
1860.8,1.07449,1688966466123,1860.81,16.292403,1860.8,1.08
1860.8,1.07449,1688966466245,1860.73,3.26289,1860.72,16.750166
1860.8,1.07449,1688966466390,1860.73,3,1860.72,11.238544
1860.8,1.07449,1688966466506,1860.73,13.602128,1860.72,11.238544
1860.8,1.07449,1688966466929,1860.73,40.460128,1860.72,11.238544
1860.8,1.07449,1688966467306,1860.73,40.460128,1860.72,3.20365
1860.8,1.07449,1688966467407,1860.73,41.972919,1860.72,3.20365
1860.8,1.07449,1688966467796,1860.73,42.179189,1860.72,1.08
1860.8,1.07449,1688966471345,1860.7,40.974768,1860.69,1.08
1860.8,1.07449,1688966471464,1860.7,41.106213,1860.69,1.08
1860.8,1.07449,1688966471606,1860.7,40.974768,1860.69,1.08
1860.8,1.07449,1688966472646,1860.7,42.487576,1860.69,1.08
1860.8,1.07449,1688966474907,1860.7,40.489506,1860.69,2.71336
1860.8,1.07449,1688966475162,1860.7,42.413466,1860.69,2.71336
1860.8,1.07449,1688966475281,1860.7,42.413466,1860.69,1.08
1860.8,1.07449,1688966475965,1860.7,32.69275,1860.69,39.460526
1860.8,1.07449,1688966476206,1860.7,32.69275,1860.69,43.558646
1860.8,1.07449,1688966476307,1860.7,32.69275,1860.69,47.656766
1860.8,1.07449,1688966477491,1860.7,32.69275,1860.69,40.177766
1860.8,1.07449,1688966477707,1860.7,33.289978,1860.69,26.464966
1860.8,1.07449,1688966478094,1860.7,32.69275,1860.69,26.464966
1860.8,1.07449,1688966478206,1860.7,32.69275,1860.69,41.24169
1860.8,1.07449,1688966478462,1860.7,32.69275,1860.69,39.468483
1860.8,1.07449,1688966478806,1860.7,32.69275,1860.69,12.51319
1860.8,1.07449,1688966479166,1860.7,33.289978,1860.69,4.31695
1861.09,1.1,1688966480295,1861.09,6.777577,1860.97,0.67168
1861.22,0.32832,1688966480397,1861.23,30.09495,1861.22,16.43902
1861.22,0.32832,1688966480504,1861.23,3.23695,1861.22,24.831256
1861.22,0.32832,1688966480606,1861.39,51.902829,1861.38,3.299272
1861.22,0.32832,1688966480707,1861.39,45.227902,1861.38,1.08
1861.22,0.32832,1688966480862,1861.39,44.347902,1861.38,1.08
1861.22,0.32832,1688966480973,1861.39,44.779911,1861.38,1.08
1861.22,0.32832,1688966481461,1861.39,44.779911,1861.38,1.6782
1861.39,0.0075,1688966481906,1861.39,44.772411,1861.38,1.6782
1861.39,0.0125,1688966482007,1861.39,45.782911,1861.38,1.6782
1861.39,0.0125,1688966482110,1861.39,45.782911,1861.38,1.6782
1861.39,0.0125,1688966482496,1861.39,45.782911,1861.38,0.5982
1861.39,0.0125,1688966482705,1861.39,47.937316,1861.38,0.5982
1861.39,0.0125,1688966482806,1861.39,47.937316,1861.38,1.6782
1861.39,0.0125,1688966483807,1861.39,47.057316,1861.38,15.70919
1861.39,0.0125,1688966483912,1861.39,30.848698,1861.38,23.2232
1861.39,0.0075,1688966484014,1861.39,30.841198,1861.38,23.2232
1861.39,0.0125,1688966484119,1861.39,30.828698,1861.38,23.228794
1861.39,0.0125,1688966484388,1861.39,32.103101,1861.38,23.228794
1861.39,0.0125,1688966485927,1861.39,32.103101,1861.38,17.728794
1861.39,0.0125,1688966486129,1861.39,32.090601,1861.38,17.728794
1861.39,0.0075,1688966486275,1861.39,32.083101,1861.38,17.728794
1861.39,0.0075,1688966486396,1861.39,32.083101,1861.38,23.228794
1861.39,0.0075,1688966487716,1861.39,32.083101,1861.38,24.304374
1861.39,0.0075,1688966487824,1861.39,30.808698,1861.38,24.304374
1861.39,0.0075,1688966487935,1861.39,30.808698,1861.38,23.228794
1861.39,0.0075,1688966488306,1861.39,30.808698,1861.38,23.228794
1861.39,0.0075,1688966488407,1861.39,30.808698,1861.38,24.304374
1861.39,0.0075,1688966488628,1861.39,30.808698,1861.38,23.228794
1861.39,0.0075,1688966489407,1861.39,30.376689,1861.38,23.228794
1861.39,0.0075,1688966490412,1861.39,31.651093,1861.38,17.728794
1861.39,0.0075,1688966491050,1861.39,31.651093,1861.38,16.648794
1861.38,0.000108,1688966491507,1861.39,31.651093,1861.38,16.648686
1861.38,0.000108,1688966492212,1861.39,35.361704,1861.38,0.598092
1861.38,0.000108,1688966492677,1861.39,36.87408,1861.38,0.598092
1861.38,0.000108,1688966493362,1861.39,37.21008,1861.38,0.598092
1861.38,0.0116,1688966494071,1861.39,37.21008,1861.38,0.586492
1861.38,0.0116,1688966494207,1861.39,37.21008,1861.38,0.586492
1861.38,0.0116,1688966496153,1861.39,39.560064,1861.38,0.586492
1861.38,0.0116,1688966496607,1861.39,38.484484,1861.38,0.586492
1861.38,0.0116,1688966497906,1861.39,51.833044,1861.38,0.586492
1861.38,0.0116,1688966498996,1861.39,50.757464,1861.38,0.586492
1861.38,0.0116,1688966499675,1861.39,45.102399,1861.38,0.586492
1861.38,0.0116,1688966499799,1861.39,47.633037,1861.38,0.586492
1861.38,0.0116,1688966499907,1861.39,53.815277,1861.38,0.586492
1861.38,0.0116,1688966500480,1861.39,46.557457,1861.38,0.586492
1861.38,0.0116,1688966500706,1861.39,42.459337,1861.38,0.586492
1861.38,0.0116,1688966500908,1861.39,42.079859,1861.38,0.586492
1861.38,0.0116,1688966501112,1861.39,41.004279,1861.38,0.586492
1861.38,0.0116,1688966501221,1861.39,40.995564,1861.38,0.586492
1861.22,0.044381,1688966502707,1861.25,30.12089,1861.24,4.920379
1861.22,0.044381,1688966502818,1861.25,29.858,1861.24,4.26307
1861.22,0.044381,1688966505211,1861.25,31.9326,1861.24,1.036
1861.22,0.044381,1688966505432,1861.25,33.2826,1861.24,1.036
1861.25,0.437844,1688966505702,1861.25,32.844756,1861.24,1.036
1861.25,0.437844,1688966505806,1861.25,32.844756,1861.24,1.036
1860.84,0.7804,1688966506406,1860.85,15.43195,1860.8,2.124
1860.84,0.7804,1688966506507,1860.85,36.63643,1860.84,17.138167
1860.84,0.7804,1688966506608,1860.72,30.12089,1860.71,14.182987
1860.84,0.7804,1688966506709,1860.72,29.989445,1860.71,17.419937
1860.84,0.7804,1688966506840,1860.72,26.858,1860.71,24.848637
1860.84,0.7804,1688966506973,1860.72,27.358,1860.71,24.848637
1860.84,0.7804,1688966507100,1860.72,27.358,1860.71,30.348637
1860.84,0.7804,1688966507407,1860.72,27.358,1860.71,53.324301
1860.71,0.0125,1688966508007,1860.72,27.358,1860.71,53.311801
1860.71,0.0125,1688966509207,1860.72,27.358,1860.71,54.191801
1860.71,0.0125,1688966510121,1860.72,27.358,1860.71,54.171801
1860.72,0.074637,1688966510506,1860.72,27.283363,1860.71,64.036201
1860.72,0.074637,1688966514205,1860.72,0.5,1860.71,64.036201
1861.19,1.1,1688966514306,1861.19,25.758,1861.18,52.625515
1861.19,1.1,1688966514407,1861.37,28.78876,1861.36,21.809039
1861.19,1.1,1688966514508,1861.37,27.37,1861.36,23.730829
1861.19,1.1,1688966514612,1861.37,27.37,1861.36,25.243563
1861.19,1.1,1688966514740,1861.37,27.37,1861.36,30.743563
1861.19,1.1,1688966514846,1861.37,0.512,1861.36,30.743563
1861.19,1.1,1688966515545,1861.37,0.512,1861.36,37.911563
1861.19,1.1,1688966515693,1861.43,26.869475,1861.42,45.358472
1861.57,0.0075,1688966515806,1861.57,26.8505,1861.56,42.806328
1861.57,0.0075,1688966515907,1861.57,27.3725,1861.56,33.420844
1861.57,0.0075,1688966516244,1861.57,27.3725,1861.56,25.703564
1861.57,0.0075,1688966517008,1861.57,30.44474,1861.56,8.770374
1861.57,0.0075,1688966517109,1861.57,30.44474,1861.56,14.270374
1861.57,0.0075,1688966517250,1861.57,30.44474,1861.56,20.486574
1861.57,0.0075,1688966517707,1861.57,31.956995,1861.56,20.486574
1861.57,0.0075,1688966517954,1861.57,31.936995,1861.56,22.034754
1861.57,0.0075,1688966518306,1861.57,31.936995,1861.56,21.998829
1861.57,0.0075,1688966518509,1861.57,31.936995,1861.56,14.986574
1861.57,0.0075,1688966520007,1861.57,31.929495,1861.56,14.596574
1861.57,0.0125,1688966520119,1861.57,31.916995,1861.56,14.596574
1861.56,0.220511,1688966521069,1861.57,31.916995,1861.56,14.376063
1861.56,0.220511,1688966521170,1861.57,31.916995,1861.56,14.376063
1861.56,0.220511,1688966524543,1861.57,31.916995,1861.56,19.876063
1861.56,0.220511,1688966524662,1861.57,31.916995,1861.56,21.930473
1861.56,0.220511,1688966524886,1861.57,32.539995,1861.56,21.930473
1861.56,0.220511,1688966525690,1861.57,32.539995,1861.56,7.6892
1861.56,0.220511,1688966525906,1861.57,32.539995,1861.56,13.1892
1861.56,0.220511,1688966527173,1861.57,32.539995,1861.56,7.6892
1861.56,0.220511,1688966527394,1861.57,32.539995,1861.56,13.1892
1861.56,0.220511,1688966527495,1861.57,29.467755,1861.56,15.16412
1861.56,0.220511,1688966527799,1861.57,27.9555,1861.56,16.676353
1861.57,0.489371,1688966528400,1861.57,27.466129,1861.56,16.676353
1861.57,0.489371,1688966528501,1861.57,27.466129,1861.56,20.774473
1861.57,0.489371,1688966529816,1861.57,27.466129,1861.56,24.872593
1861.57,0.489371,1688966529968,1861.57,27.466129,1861.56,24.879811
1861.57,0.489371,1688966530072,1861.57,27.466129,1861.56,24.872593
1861.57,0.489371,1688966531008,1861.57,27.466129,1861.56,19.372593
1861.57,0.489371,1688966531415,1861.57,27.466129,1861.56,24.872593
1861.57,0.489371,1688966531571,1861.57,27.466129,1861.56,16.676353
1861.57,0.489371,1688966531679,1861.57,28.978368,1861.56,9.66412
1861.57,0.489371,1688966533223,1861.57,32.215318,1861.56,7.6892
1861.57,0.489371,1688966533326,1861.57,32.215318,1861.56,7.690274
1861.57,0.489371,1688966536236,1861.57,32.215318,1861.56,1.474074
1861.57,0.489371,1688966538301,1861.57,32.215318,1861.56,15.170314
1861.57,0.489371,1688966538404,1861.57,30.703079,1861.56,23.565244
1861.2,1.586287,1688966538949,1861.21,36.06461,1861.2,0.974
1861.04,0.079633,1688966539050,1861.05,41.59049,1861.04,10.130317
1861.04,0.079633,1688966539153,1861.05,41.877557,1861.04,20.375117
1861.04,0.079633,1688966539259,1861.02,32.227615,1861.01,1.274409
1861.04,0.079633,1688966539406,1861,39.160288,1860.99,8.75142
1861.04,0.079633,1688966539507,1861,39.160288,1860.99,6.89486
1861.04,0.079633,1688966539608,1860.92,41.004986,1860.91,7.04174
1861.04,0.079633,1688966539711,1860.92,41.004986,1860.91,27.091266
1861.04,0.079633,1688966539812,1860.92,41.004986,1860.91,28.846727
1861.04,0.079633,1688966540255,1860.92,42.51724,1860.91,20.650487
1860.91,0.0125,1688966540639,1860.92,42.51724,1860.91,20.637987
1860.91,0.0125,1688966542265,1860.92,42.51724,1860.91,21.123954
1860.91,0.0125,1688966542505,1860.92,41.004986,1860.91,29.554754
1860.91,0.0125,1688966542708,1860.92,41.004986,1860.91,29.534754
1860.92,0.062787,1688966542851,1860.92,40.942199,1860.91,26.668851
1860.92,0.062787,1688966543065,1860.92,42.454453,1860.91,18.238051
1860.92,0.062787,1688966543807,1860.92,40.942199,1860.91,18.238051
1860.92,0.062787,1688966544506,1860.92,40.942199,1860.91,14.71944
1860.92,0.062787,1688966544661,1860.92,40.942199,1860.91,28.65024
1860.91,0.0125,1688966544863,1860.92,40.942199,1860.91,23.13024
1860.91,0.0125,1688966544975,1860.92,40.942199,1860.91,23.13024
1860.91,0.0125,1688966545406,1860.92,40.942199,1860.91,24.64282
1860.91,0.0125,1688966545982,1860.92,40.942199,1860.91,30.14282
1860.91,0.0125,1688966546286,1860.92,40.942199,1860.91,24.64282
1860.91,0.0125,1688966546629,1860.92,40.942199,1860.91,14.69944
1860.91,0.0125,1688966546986,1860.92,41.838609,1860.91,14.69944
1860.91,0.0125,1688966547188,1860.92,43.351187,1860.91,14.69944
1860.91,0.0125,1688966547406,1860.92,42.454777,1860.91,14.69944
1860.91,0.0125,1688966547681,1860.92,40.942199,1860.91,14.69944
1860.91,0.0125,1688966547788,1860.92,40.942199,1860.91,17.764802
1860.91,0.0125,1688966547889,1860.92,40.942199,1860.91,16.212018
1860.91,0.0125,1688966548091,1860.92,40.942199,1860.91,21.712018
1860.91,0.0125,1688966548192,1860.92,40.942199,1860.91,30.142818
1860.91,0.0125,1688966548661,1860.92,40.942199,1860.91,24.642818
1860.91,0.0125,1688966548997,1860.92,40.942199,1860.91,14.69944
1860.91,0.0125,1688966549207,1860.92,42.454777,1860.91,14.69944
1860.91,0.0125,1688966549899,1860.92,44.522867,1860.91,12.82449
1861.31,0.467096,1688966550000,1861.31,9.299825,1861,0.25
1861.31,0.467096,1688966550106,1861.18,0.6716,1861.17,42.82089
1861.31,0.467096,1688966550207,1861.18,0.6716,1861.17,52.740993
1861.31,0.467096,1688966550801,1861.18,0.6716,1861.17,60.471793
1861.18,0.0075,1688966551395,1861.18,0.6641,1861.17,60.471793
1861.18,0.0125,1688966551503,1861.18,0.6516,1861.17,60.471793
1861.18,0.0125,1688966552172,1861.18,0.6516,1861.17,63.171793
1861.18,0.6516,1688966552510,1861.39,1.338873,1861.38,0.671618
1861.18,0.6516,1688966552612,1861.39,1.019,1861.38,82.555134
1861.18,0.6516,1688966553080,1861.39,27.877,1861.38,84.067662
1861.18,0.6516,1688966553414,1861.39,1.019,1861.38,84.067662
1861.39,0.0075,1688966553515,1861.39,1.0115,1861.38,84.067662
1861.39,0.0125,1688966553616,1861.39,0.999,1861.38,84.067662
1861.39,0.0125,1688966553921,1861.39,0.999,1861.38,82.992082
1861.39,0.0125,1688966554306,1861.39,27.857,1861.38,71.572563
1861.39,0.0125,1688966554419,1861.39,2.273404,1861.38,82.982318
1861.39,0.0125,1688966555105,1861.39,30.405811,1861.38,71.572563
1861.39,0.0125,1688966555206,1861.39,0.999,1861.38,83.487505
1861.39,0.0125,1688966555307,1861.39,0.999,1861.38,82.411925
1861.39,0.0125,1688966555526,1861.39,0.999,1861.38,81.531925
1861.39,0.0125,1688966555627,1861.39,0.999,1861.38,82.411925
1861.39,0.0125,1688966556206,1861.39,2.273405,1861.38,81.531925
1861.39,0.0125,1688966556307,1861.39,1.274405,1861.38,59.044257
1861.39,0.0125,1688966556801,1861.39,5.548812,1861.38,59.044257
1861.39,0.0125,1688966557232,1861.39,5.548812,1861.38,50.848017
1861.39,0.0125,1688966557832,1861.39,6.786812,1861.38,50.848017
1861.39,0.0125,1688966558946,1861.39,35.632393,1861.38,19.30628
1861.39,0.0125,1688966559213,1861.39,44.780553,1861.38,11.29548
1861.39,0.0125,1688966559549,1861.39,40.682433,1861.38,11.29548
1861.38,0.008177,1688966559700,1861.39,40.682433,1861.38,11.287303
1861.38,0.008177,1688966561452,1861.39,36.906794,1861.38,11.287303
1861.38,0.008177,1688966561559,1861.39,35.632393,1861.38,19.911313
1861.38,0.008177,1688966561706,1861.39,34.919213,1861.38,19.911313
1861.38,0.008177,1688966562352,1861.39,34.919213,1861.38,29.154418
1861.38,0.008177,1688966563060,1861.39,31.919213,1861.38,29.154418
1861.38,0.008177,1688966563461,1861.39,31.919213,1861.38,34.328118
1861.38,0.008177,1688966563574,1861.39,31.919213,1861.38,33.252538
1861.38,0.008177,1688966563806,1861.39,3.786812,1861.38,38.426238
1861.38,0.008177,1688966564163,1861.39,47.676116,1861.38,29.117053
1861.38,0.008177,1688966564606,1861.39,47.676116,1861.38,30.629365
