last,lastSz,ts,askPx,askSz,bidPx,bidSz
1861.62000000,0.00090000,1688965561961,1861.62000000,0.19910000,1860.23000000,0.20000000
1861.62000000,0.00090000,1688965562028,1861.62000000,0.20000000,1860.23000000,0.20000000
1861.62000000,0.00090000,1688965597102,1861.62000000,0.20000000,1860.23000000,0.63730000
1861.62000000,0.00090000,1688965598079,1861.62000000,0.20000000,1860.24000000,0.54930000
1861.62000000,0.00090000,1688965599398,1861.62000000,0.20000000,1860.25000000,0.42500000
1861.62000000,0.00090000,1688965600378,1861.62000000,0.20000000,1860.25000000,0.20000000
1861.62000000,0.00090000,1688965601402,1861.61000000,0.37620000,1860.25000000,0.60940000
1861.62000000,0.00090000,1688965602098,1861.61000000,0.57620000,1860.27000000,0.20000000
1861.62000000,0.00090000,1688965604018,1861.60000000,0.20000000,1860.27000000,0.20000000
1861.62000000,0.00090000,1688965604587,1861.59000000,0.65880000,1860.28000000,0.02360000
1861.62000000,0.00090000,1688965606009,1861.59000000,0.65880000,1860.28000000,0.02360000
1861.62000000,0.00090000,1688965608008,1861.59000000,0.45880000,1860.28000000,0.02360000
1861.62000000,0.00090000,1688965608026,1861.59000000,0.65880000,1860.28000000,0.02360000
1861.62000000,0.00090000,1688965610017,1861.59000000,0.45880000,1860.28000000,0.02360000
1861.62000000,0.00090000,1688965610029,1861.59000000,0.65880000,1860.28000000,0.02360000
1861.62000000,0.00090000,1688965612014,1861.59000000,0.45880000,1860.28000000,0.02360000
1861.62000000,0.00090000,1688965612063,1861.59000000,0.65880000,1860.28000000,0.02360000
1861.62000000,0.00090000,1688965614006,1861.58000000,0.20000000,1860.28000000,0.02360000
1861.58000000,0.00090000,1688965621769,1861.58000000,0.19910000,1860.28000000,0.02360000
1861.58000000,0.00090000,1688965622023,1861.58000000,0.20000000,1860.28000000,0.02360000
1861.58000000,0.00090000,1688965649323,1861.58000000,0.20420000,1860.28000000,0.02360000
1861.58000000,0.00090000,1688965652223,1861.58000000,0.20000000,1860.28000000,0.02360000
1860.28000000,0.00420000,1688965652324,1861.58000000,0.20000000,1860.28000000,0.01940000
1861.58000000,0.00090000,1688965682733,1861.58000000,0.19910000,1860.28000000,0.01940000
1861.58000000,0.00090000,1688965682855,1861.59000000,0.65880000,1860.28000000,0.01940000
1861.58000000,0.00090000,1688965684694,1861.62000000,0.66000000,1860.28000000,0.39540000
1861.58000000,0.00090000,1688965685171,1861.61000000,0.41490000,1860.28000000,0.39540000
1861.58000000,0.00090000,1688965686136,1861.61000000,0.61490000,1860.30000000,0.49670000
1861.58000000,0.00090000,1688965688008,1861.61000000,0.41490000,1860.30000000,0.49670000
1861.58000000,0.00090000,1688965688725,1861.60000000,0.47110000,1860.31000000,0.55040000
1861.58000000,0.00090000,1688965690008,1861.60000000,0.67110000,1860.33000000,0.20000000
1861.58000000,0.00090000,1688965690060,1861.60000000,0.67110000,1860.33000000,0.20000000
1861.58000000,0.00090000,1688965692022,1861.60000000,0.67110000,1860.33000000,0.20000000
1861.58000000,0.00090000,1688965694004,1861.59000000,0.20000000,1860.33000000,0.20000000
1861.58000000,0.00090000,1688965731412,1861.59000000,0.20000000,1860.32000000,0.53740000
1861.58000000,0.00090000,1688965731413,1861.60000000,0.47110000,1860.32000000,0.53740000
1861.58000000,0.00090000,1688965736733,1861.60000000,0.47110000,1860.33000000,0.20000000
1861.58000000,0.00090000,1688965736787,1861.59000000,0.20000000,1860.33000000,0.20000000
1861.59000000,0.00090000,1688965742630,1861.59000000,0.19910000,1860.33000000,0.20000000
1861.59000000,0.00090000,1688965743186,1861.77000000,0.20000000,1860.33000000,0.20000000
1861.77000000,0.00090000,1688965802078,1861.77000000,0.19910000,1860.33000000,0.20000000
1861.77000000,0.00090000,1688965802131,1861.77000000,0.20000000,1860.33000000,0.20000000
1860.33000000,0.18730000,1688965812561,1861.77000000,0.20000000,1860.33000000,0.01270000
1860.33000000,0.18730000,1688965812609,1861.77000000,0.20000000,1860.33000000,0.20000000
1861.77000000,0.00090000,1688965862404,1861.77000000,0.19910000,1860.33000000,0.20000000
1861.77000000,0.00090000,1688965862449,1861.77000000,0.20000000,1860.33000000,0.20000000
1861.77000000,0.00090000,1688965885392,1861.77000000,0.20000000,1860.31000000,0.55040000
1861.77000000,0.00090000,1688965886185,1861.79000000,0.45360000,1860.33000000,0.46020000
1861.77000000,0.00090000,1688965888008,1861.79000000,0.65360000,1860.33000000,0.46020000
1861.77000000,0.00090000,1688965888208,1861.78000000,0.41710000,1860.33000000,0.45370000
1861.77000000,0.00090000,1688965890012,1861.78000000,0.61710000,1860.33000000,0.65370000
1861.77000000,0.00090000,1688965890124,1861.78000000,0.61710000,1860.33000000,0.37130000
1861.77000000,0.00090000,1688965892023,1861.78000000,0.61710000,1860.33000000,0.57130000
1861.77000000,0.00090000,1688965892178,1861.78000000,0.61710000,1860.33000000,0.37610000
1861.77000000,0.00090000,1688965894032,1861.77000000,0.59560000,1860.33000000,0.22360000
1861.77000000,0.00090000,1688965894197,1861.76000000,0.47860000,1860.33000000,0.22360000
1861.77000000,0.00090000,1688965896006,1861.76000000,0.67860000,1860.33000000,0.22360000
1861.77000000,0.00090000,1688965896110,1861.75000000,0.20000000,1860.33000000,0.22360000
1861.75000000,0.00090000,1688965923110,1861.75000000,0.19910000,1860.33000000,0.22360000
1861.75000000,0.00090000,1688965924026,1861.75000000,0.20000000,1860.33000000,0.22360000
1861.75000000,0.00090000,1688965947637,1861.75000000,0.20000000,1860.33000000,0.02360000
1861.75000000,0.00090000,1688965948436,1861.75000000,0.20000000,1860.33000000,0.02360000
1861.75000000,0.00090000,1688965950007,1861.75000000,0.20000000,1860.33000000,0.22360000
1861.75000000,0.00090000,1688965950437,1861.74000000,0.38000000,1860.33000000,0.02360000
1861.75000000,0.00090000,1688965952006,1861.74000000,0.58000000,1860.33000000,0.22360000
1861.75000000,0.00090000,1688965952226,1861.73000000,0.43870000,1860.34000000,0.02360000
1861.75000000,0.00090000,1688965954011,1861.73000000,0.63870000,1860.34000000,0.22360000
1861.75000000,0.00090000,1688965954243,1861.72000000,0.20000000,1860.34000000,0.02360000
1861.75000000,0.00090000,1688965956192,1861.72000000,0.55630000,1860.34000000,0.02360000
1861.75000000,0.00090000,1688965956192,1861.71000000,0.45680000,1860.34000000,0.02360000
1861.75000000,0.00090000,1688965958158,1861.71000000,0.65680000,1860.34000000,0.49940000
1861.75000000,0.00090000,1688965960025,1861.71000000,0.45680000,1860.34000000,0.49940000
1861.75000000,0.00090000,1688965960049,1861.71000000,0.65680000,1860.34000000,0.49940000
1861.75000000,0.00090000,1688965962024,1861.70000000,0.20000000,1860.34000000,0.69940000
1861.75000000,0.00090000,1688965962928,1861.70000000,0.20000000,1860.35000000,0.55530000
1861.75000000,0.00090000,1688965963451,1861.70000000,0.20000000,1860.37000000,0.02360000
1861.75000000,0.00090000,1688965964525,1861.70000000,0.20000000,1860.42000000,0.02360000
1861.75000000,0.00090000,1688965966005,1861.70000000,0.20000000,1860.42000000,0.22360000
1861.75000000,0.00090000,1688965966148,1861.70000000,0.20000000,1860.42000000,0.02360000
1861.75000000,0.00090000,1688965968559,1861.70000000,0.20000000,1860.42000000,0.49190000
1861.75000000,0.00090000,1688965970152,1861.70000000,0.20000000,1860.42000000,0.69190000
1861.75000000,0.00090000,1688965970253,1861.70000000,0.20000000,1860.42000000,0.02360000
1861.75000000,0.00090000,1688965976457,1861.70000000,0.20000000,1860.42000000,0.22360000
1861.75000000,0.00090000,1688965977343,1861.70000000,0.20000000,1860.48000000,0.02360000
1861.75000000,0.00090000,1688965978357,1861.70000000,0.20000000,1860.48000000,0.02360000
1861.75000000,0.00090000,1688965978806,1861.70000000,0.20000000,1860.48000000,0.38550000
1861.75000000,0.00090000,1688965980223,1861.70000000,0.20000000,1860.48000000,0.59140000
1861.75000000,0.00090000,1688965981136,1861.70000000,0.20000000,1860.51000000,0.02360000
1861.75000000,0.00090000,1688965982259,1861.70000000,0.20000000,1860.51000000,0.02360000
1861.75000000,0.00090000,1688965984021,1861.70000000,0.20000000,1860.51000000,0.22360000
1861.75000000,0.00090000,1688965984261,1861.70000000,0.20000000,1860.51000000,0.02360000
1861.75000000,0.00090000,1688965986062,1861.70000000,0.20000000,1860.51000000,0.22360000
1861.75000000,0.00090000,1688965986782,1861.70000000,0.20000000,1860.54000000,0.02360000
1861.75000000,0.00090000,1688965988004,1861.70000000,0.20000000,1860.54000000,0.22360000
1861.75000000,0.00090000,1688965988774,1861.70000000,0.20000000,1860.54000000,0.47070000
1861.75000000,0.00090000,1688965990063,1861.70000000,0.20000000,1860.54000000,0.02360000
1861.75000000,0.00090000,1688965990365,1861.70000000,0.20000000,1860.54000000,0.02360000
1861.75000000,0.00090000,1688965992067,1861.70000000,0.20000000,1860.54000000,0.22360000
1861.75000000,0.00090000,1688965992469,1861.70000000,0.20000000,1860.54000000,0.02360000
1861.75000000,0.00090000,1688965994068,1861.70000000,0.20000000,1860.55000000,0.60830000
1861.75000000,0.00090000,1688965994268,1861.70000000,0.20000000,1860.54000000,0.02360000
1861.75000000,0.00090000,1688965996108,1861.70000000,0.20000000,1860.54000000,0.22360000
1861.75000000,0.00090000,1688965996269,1861.70000000,0.20000000,1860.54000000,0.02360000
1861.71000000,0.11690000,1688965998076,1861.71000000,0.53990000,1860.54000000,0.22360000
1861.71000000,0.43380000,1688965998930,1861.71000000,0.22300000,1860.54000000,0.02360000
1861.71000000,0.43380000,1688966000028,1862.30000000,0.20000000,1860.55000000,0.20000000
1861.71000000,0.43380000,1688966000689,1862.29000000,0.67340000,1860.57000000,0.02360000
1861.71000000,0.43380000,1688966002013,1862.28000000,0.20000000,1860.57000000,0.22360000
1861.71000000,0.43380000,1688966002448,1862.27000000,0.64620000,1860.57000000,0.46560000
1861.71000000,0.43380000,1688966004100,1862.27000000,0.64620000,1860.57000000,0.43420000
1861.71000000,0.43380000,1688966006004,1862.27000000,0.44620000,1860.57000000,0.43420000
1861.71000000,0.43380000,1688966006101,1862.27000000,0.64620000,1860.57000000,0.40180000
1861.71000000,0.43380000,1688966008021,1862.27000000,0.44620000,1860.57000000,0.40180000
1862.27000000,0.00110000,1688966009001,1862.27000000,0.64510000,1860.57000000,0.22360000
1862.27000000,0.00110000,1688966010020,1862.27000000,0.64510000,1860.57000000,0.66260000
1862.27000000,0.00110000,1688966010420,1862.27000000,0.64510000,1860.57000000,0.22360000
1862.27000000,0.00110000,1688966012019,1862.27000000,0.64510000,1860.60000000,0.02360000
1862.27000000,0.00110000,1688966014005,1862.27000000,0.44510000,1860.60000000,0.02360000
1862.27000000,0.00110000,1688966014021,1862.27000000,0.64510000,1860.60000000,0.02360000
1862.27000000,0.00110000,1688966016011,1862.27000000,0.44510000,1860.60000000,0.02360000
1862.27000000,0.00110000,1688966016025,1862.27000000,0.64510000,1860.60000000,0.02360000
1862.27000000,0.00110000,1688966018027,1862.27000000,0.44510000,1860.60000000,0.02360000
1862.27000000,0.00110000,1688966018051,1862.27000000,0.64510000,1860.60000000,0.02360000
1862.27000000,0.00110000,1688966020026,1862.27000000,0.64510000,1860.60000000,0.22360000
1862.27000000,0.00110000,1688966020085,1862.27000000,0.64510000,1860.60000000,0.02360000
1862.27000000,0.00110000,1688966022014,1862.26000000,0.20000000,1860.60000000,0.22360000
1862.27000000,0.00110000,1688966022087,1862.26000000,0.20000000,1860.60000000,0.02360000
1862.27000000,0.00110000,1688966024005,1862.26000000,0.20000000,1860.60000000,0.22360000
1862.27000000,0.00110000,1688966024189,1862.26000000,0.20000000,1860.60000000,0.02360000
1862.27000000,0.00110000,1688966026005,1862.26000000,0.20000000,1860.60000000,0.22360000
1862.27000000,0.00110000,1688966026090,1862.26000000,0.20000000,1860.60000000,0.02360000
1862.27000000,0.00110000,1688966028091,1862.26000000,0.20000000,1860.60000000,0.22360000
1862.27000000,0.00110000,1688966028291,1862.26000000,0.20000000,1860.60000000,0.02360000
1862.27000000,0.00110000,1688966030006,1862.26000000,0.20000000,1860.60000000,0.22360000
1862.27000000,0.00110000,1688966030393,1862.26000000,0.20000000,1860.60000000,0.02360000
1862.27000000,0.00110000,1688966032094,1862.26000000,0.20000000,1860.60000000,0.22360000
1862.27000000,0.00110000,1688966032908,1862.26000000,0.20000000,1860.63000000,0.02360000
1862.27000000,0.00110000,1688966034094,1862.26000000,0.20000000,1860.63000000,0.02360000
1862.27000000,0.00110000,1688966034666,1862.26000000,0.20000000,1860.66000000,0.02360000
1862.27000000,0.00110000,1688966036096,1862.26000000,0.20000000,1860.66000000,0.02360000
1862.27000000,0.00110000,1688966036837,1862.26000000,0.20000000,1860.69000000,0.02360000
1862.27000000,0.00110000,1688966038098,1862.26000000,0.20000000,1860.71000000,0.22360000
1862.27000000,0.00110000,1688966038713,1862.26000000,0.20000000,1860.74000000,0.02360000
1862.27000000,0.00110000,1688966040269,1862.26000000,0.20000000,1860.74000000,0.53880000
1862.27000000,0.00110000,1688966040400,1862.26000000,0.20000000,1860.74000000,0.02360000
1862.27000000,0.00110000,1688966052409,1862.26000000,0.20000000,1860.74000000,0.22360000
1862.27000000,0.00110000,1688966052608,1862.26000000,0.20000000,1860.74000000,0.02360000
1862.27000000,0.00110000,1688966059213,1862.30000000,0.40430000,1860.74000000,0.02360000
1862.27000000,0.00110000,1688966060030,1862.30000000,0.60430000,1860.74000000,0.02360000
1862.27000000,0.00110000,1688966061197,1862.29000000,0.44640000,1860.74000000,0.02360000
1862.27000000,0.00110000,1688966062115,1862.28000000,0.20000000,1860.74000000,0.02360000
1862.27000000,0.00110000,1688966063201,1862.27000000,0.40600000,1860.74000000,0.02360000
1862.27000000,0.00110000,1688966064123,1862.27000000,0.60600000,1860.74000000,0.02360000
1862.27000000,0.00110000,1688966066004,1862.27000000,0.40600000,1860.74000000,0.02360000
1862.27000000,0.00110000,1688966066016,1862.27000000,0.60600000,1860.74000000,0.02360000
1862.27000000,0.00110000,1688966068017,1862.27000000,0.40600000,1860.74000000,0.22360000
1862.27000000,0.00110000,1688966068167,1862.27000000,0.60600000,1860.74000000,0.02360000
1862.27000000,0.00110000,1688966069583,1862.27000000,0.60600000,1860.77000000,0.02360000
1862.27000000,0.00110000,1688966070222,1862.26000000,0.20000000,1860.77000000,0.02360000
1862.27000000,0.00110000,1688966072022,1862.26000000,0.20000000,1860.77000000,0.22360000
1862.27000000,0.00110000,1688966072371,1862.26000000,0.20000000,1860.77000000,0.02360000
1862.27000000,0.00110000,1688966074024,1862.26000000,0.20000000,1860.77000000,0.22360000
1862.27000000,0.00110000,1688966074424,1862.26000000,0.20000000,1860.77000000,0.02360000
1862.27000000,0.00110000,1688966076030,1862.26000000,0.20000000,1860.78000000,0.47580000
1862.27000000,0.00110000,1688966076226,1862.26000000,0.20000000,1860.77000000,0.02360000
1862.27000000,0.00110000,1688966078127,1862.26000000,0.20000000,1860.77000000,0.22360000
1862.27000000,0.00110000,1688966078989,1862.26000000,0.20000000,1860.79000000,0.02360000
1862.27000000,0.00110000,1688966080131,1862.26000000,0.20000000,1860.79000000,0.22360000
1862.27000000,0.00110000,1688966080736,1862.26000000,0.20000000,1860.81000000,0.02360000
1862.27000000,0.00110000,1688966082004,1862.26000000,0.20000000,1860.81000000,0.22360000
1862.27000000,0.00110000,1688966082661,1862.26000000,0.20000000,1860.83000000,0.02360000
1862.27000000,0.00110000,1688966106249,1862.28000000,0.20000000,1860.83000000,0.02360000
1862.27000000,0.00110000,1688966106663,1862.27000000,0.18540000,1860.83000000,0.02360000
1862.27000000,0.00110000,1688966119088,1862.43000000,0.20000000,1860.83000000,0.02360000
1862.27000000,0.00110000,1688966119156,1862.54000000,0.20000000,1860.83000000,0.02360000
1862.27000000,0.00110000,1688966120419,1862.53000000,0.62320000,1860.83000000,0.58390000
1862.27000000,0.00110000,1688966122009,1862.52000000,0.20000000,1860.86000000,0.22360000
1862.27000000,0.00110000,1688966122958,1862.52000000,0.20000000,1860.88000000,0.02360000
1862.27000000,0.00110000,1688966124032,1862.52000000,0.20000000,1860.88000000,0.22360000
1862.27000000,0.00110000,1688966124660,1862.52000000,0.20000000,1860.92000000,0.02360000
1862.27000000,0.00110000,1688966126019,1862.51000000,0.18540000,1860.92000000,0.22360000
1862.27000000,0.00110000,1688966126915,1862.51000000,0.18540000,1860.94000000,0.02360000
1862.27000000,0.00110000,1688966146275,1862.51000000,0.18540000,1860.94000000,0.22360000
1862.27000000,0.00110000,1688966146413,1862.51000000,0.18540000,1860.94000000,0.02360000
1860.94000000,0.02360000,1688966148223,1862.52000000,0.20000000,1860.95000000,0.20000000
1860.94000000,0.02360000,1688966148853,1862.52000000,0.20000000,1860.97000000,0.49200000
1860.94000000,0.02360000,1688966150290,1862.52000000,0.20000000,1860.97000000,0.61240000
1860.94000000,0.02360000,1688966150778,1862.52000000,0.20000000,1860.97000000,0.02360000
1860.94000000,0.02360000,1688966156506,1862.52000000,0.20000000,1860.97000000,0.41260000
1860.94000000,0.02360000,1688966156531,1862.52000000,0.20000000,1860.97000000,0.02360000
1860.94000000,0.02360000,1688966160186,1862.52000000,0.20000000,1860.97000000,0.22360000
1860.94000000,0.02360000,1688966160285,1862.52000000,0.20000000,1860.97000000,0.02360000
1860.94000000,0.02360000,1688966162203,1862.51000000,0.45450000,1860.97000000,0.02360000
1860.94000000,0.02360000,1688966164014,1862.51000000,0.65450000,1860.97000000,0.02360000
1860.94000000,0.02360000,1688966165017,1862.50000000,0.51150000,1860.97000000,0.02360000
1860.94000000,0.02360000,1688966166016,1862.49000000,0.20000000,1860.97000000,0.02360000
1860.94000000,0.02360000,1688966166211,1862.48000000,0.43170000,1860.97000000,0.02360000
1860.94000000,0.02360000,1688966168019,1862.48000000,0.63170000,1860.97000000,0.22360000
1860.94000000,0.02360000,1688966168549,1862.47000000,0.54230000,1860.93000000,0.20000000
1860.94000000,0.02360000,1688966170016,1862.46000000,0.20000000,1860.94000000,0.22360000
1860.94000000,0.02360000,1688966173294,1862.46000000,0.20000000,1860.94000000,0.02360000
1860.94000000,0.02360000,1688966174295,1862.46000000,0.20000000,1860.94000000,0.22360000
1860.94000000,0.02360000,1688966174396,1862.46000000,0.20000000,1860.94000000,0.02360000
1860.94000000,0.02360000,1688966176296,1862.46000000,0.20000000,1860.94000000,0.02360000
1860.94000000,0.02360000,1688966176496,1862.46000000,0.20000000,1860.94000000,0.02360000
1860.94000000,0.02360000,1688966178097,1862.46000000,0.20000000,1860.94000000,0.02360000
1860.94000000,0.02360000,1688966179207,1862.45000000,0.41040000,1860.94000000,0.46110000
1860.94000000,0.02360000,1688966180149,1862.43000000,0.20000000,1860.96000000,0.43700000
1860.94000000,0.02360000,1688966182005,1862.43000000,0.20000000,1860.96000000,0.63700000
1860.94000000,0.02360000,1688966182993,1862.42000000,0.56950000,1860.98000000,0.20000000
1860.94000000,0.02360000,1688966184011,1862.41000000,0.20000000,1860.98000000,0.68520000
1860.94000000,0.02360000,1688966184318,1862.42000000,0.56950000,1861.00000000,0.47980000
1860.94000000,0.02360000,1688966186008,1862.41000000,0.20000000,1861.00000000,0.67980000
1860.94000000,0.02360000,1688966186236,1862.41000000,0.20000000,1861.02000000,0.50660000
1860.94000000,0.02360000,1688966188008,1862.41000000,0.20000000,1861.03000000,0.22360000
1860.94000000,0.02360000,1688966188407,1862.41000000,0.20000000,1861.03000000,0.02360000
1860.94000000,0.02360000,1688966190007,1862.40000000,0.00880000,1861.03000000,0.22360000
1860.94000000,0.02360000,1688966190333,1862.40000000,0.00880000,1861.05000000,0.41220000
1860.94000000,0.02360000,1688966192208,1862.40000000,0.00880000,1861.05000000,0.61220000
1860.94000000,0.02360000,1688966192770,1862.41000000,0.20000000,1861.03000000,0.39130000
1860.94000000,0.02360000,1688966194210,1862.41000000,0.20000000,1861.06000000,0.20000000
1860.94000000,0.02360000,1688966195167,1862.41000000,0.20000000,1861.05000000,0.20000000
1860.94000000,0.02360000,1688966197721,1862.41000000,0.20000000,1861.06000000,0.40430000
1860.94000000,0.02360000,1688966198027,1862.41000000,0.20000000,1861.08000000,0.68700000
1860.94000000,0.02360000,1688966199126,1862.41000000,0.20000000,1861.10000000,0.34890000
1860.94000000,0.02360000,1688966200715,1862.41000000,0.20000000,1861.10000000,0.20000000
1860.94000000,0.02360000,1688966201083,1862.41000000,0.20000000,1861.12000000,0.34380000
1860.94000000,0.02360000,1688966202290,1862.41000000,0.20000000,1861.12000000,0.69150000
1860.94000000,0.02360000,1688966203015,1862.41000000,0.20000000,1861.14000000,0.46520000
1860.94000000,0.02360000,1688966204342,1862.41000000,0.20000000,1861.17000000,0.20000000
1860.94000000,0.02360000,1688966213221,1862.41000000,0.20000000,1861.15000000,0.50000000
1860.94000000,0.02360000,1688966213223,1862.41000000,0.20000000,1861.16000000,0.20000000
1860.94000000,0.02360000,1688966220322,1862.41000000,0.20000000,1861.17000000,0.36960000
1860.94000000,0.02360000,1688966220535,1862.41000000,0.20000000,1861.17000000,0.64260000
1860.94000000,0.02360000,1688966222278,1862.41000000,0.20000000,1861.19000000,0.20000000
1860.94000000,0.02360000,1688966222552,1862.41000000,0.20000000,1861.21000000,0.47590000
1860.94000000,0.02360000,1688966224209,1862.40000000,0.39910000,1861.21000000,0.53900000
1860.94000000,0.02360000,1688966226005,1862.40000000,0.59910000,1861.21000000,0.53900000
1860.94000000,0.02360000,1688966226182,1862.40000000,0.59910000,1861.20000000,0.52450000
1860.94000000,0.02360000,1688966228017,1862.40000000,0.39910000,1861.21000000,0.20000000
1860.94000000,0.02360000,1688966228242,1862.40000000,0.59910000,1861.20000000,0.54680000
1860.94000000,0.02360000,1688966230010,1862.40000000,0.59910000,1861.21000000,0.20000000
1860.94000000,0.02360000,1688966230163,1862.40000000,0.59910000,1861.22000000,0.02360000
1860.94000000,0.02360000,1688966232030,1862.39000000,0.20000000,1861.22000000,0.02360000
1860.94000000,0.02360000,1688966232298,1862.40000000,0.59910000,1861.22000000,0.45280000
1861.22000000,0.01530000,1688966234020,1862.40000000,0.59910000,1861.22000000,0.43750000
1861.22000000,0.01530000,1688966236004,1862.40000000,0.39910000,1861.22000000,0.43750000
1861.22000000,0.01530000,1688966236019,1862.40000000,0.59910000,1861.22000000,0.43750000
1861.22000000,0.01530000,1688966238015,1862.40000000,0.39910000,1861.22000000,0.63750000
1861.23000000,0.00100000,1688966238139,1862.40000000,0.59910000,1861.24000000,0.43490000
1861.23000000,0.00100000,1688966240004,1862.39000000,0.20000000,1861.23000000,0.69900000
1861.23000000,0.00100000,1688966240996,1862.38000000,0.38610000,1861.24000000,0.50000000
1861.23000000,0.00100000,1688966242010,1862.38000000,0.58610000,1861.25000000,0.20000000
1861.23000000,0.00100000,1688966242043,1862.37000000,0.20000000,1861.25000000,0.20000000
1861.23000000,0.00100000,1688966248389,1862.36000000,0.08670000,1861.25000000,0.20000000
1861.23000000,0.00100000,1688966250221,1862.35000000,0.41150000,1861.25000000,0.20000000
1861.23000000,0.00100000,1688966250628,1862.34000000,0.08670000,1861.25000000,0.20000000
1861.23000000,0.00100000,1688966252017,1862.34000000,0.28670000,1861.25000000,0.20000000
1861.23000000,0.00100000,1688966298684,1862.34000000,0.28670000,1860.81000000,0.02360000
1861.23000000,0.00100000,1688966298785,1862.34000000,0.28670000,1860.82000000,0.20000000
1861.23000000,0.00100000,1688966300686,1862.31000000,0.08670000,1860.67000000,0.20000000
1861.23000000,0.00100000,1688966303218,1862.30000000,0.43270000,1860.67000000,0.20000000
1861.23000000,0.00100000,1688966304006,1862.29000000,0.28670000,1860.67000000,0.20000000
1860.67000000,0.00130000,1688966310856,1862.29000000,0.28670000,1860.67000000,0.19870000
1860.67000000,0.00130000,1688966311461,1862.26000000,0.08670000,1860.67000000,0.20000000
1860.67000000,0.00130000,1688966312720,1862.24000000,0.08670000,1860.67000000,0.20000000
1860.67000000,0.00130000,1688966312993,1862.24000000,0.08670000,1860.53000000,0.20000000
1860.67000000,0.00130000,1688966314031,1862.24000000,0.28670000,1860.53000000,0.20000000
1860.67000000,0.00130000,1688966319467,1862.24000000,0.28670000,1860.54000000,0.02360000
1862.24000000,0.00090000,1688966342980,1862.24000000,0.28580000,1860.54000000,0.02360000
1862.24000000,0.00090000,1688966359802,1862.23000000,23.09880000,1860.54000000,0.02360000
1862.24000000,0.00090000,1688966360189,1862.21000000,0.08670000,1860.54000000,0.02360000
1862.24000000,0.00090000,1688966361433,1862.20000000,0.67010000,1860.54000000,0.02360000
1862.24000000,0.00090000,1688966362432,1862.18000000,0.20000000,1860.54000000,0.02360000
1862.24000000,0.00090000,1688966362945,1862.17000000,0.08670000,1860.54000000,0.02360000
1862.24000000,0.00090000,1688966365217,1862.16000000,0.38630000,1860.54000000,0.02360000
1862.24000000,0.00090000,1688966366008,1862.15000000,0.28670000,1860.54000000,0.02360000
1862.15000000,0.00090000,1688966401751,1862.15000000,0.28580000,1860.54000000,0.02360000
1862.15000000,0.00090000,1688966405867,1862.14000000,22.59850000,1860.54000000,0.02360000
1862.15000000,0.00090000,1688966406314,1862.12000000,0.08670000,1860.54000000,0.02360000
1862.15000000,0.00090000,1688966425223,1862.12000000,0.49580000,1860.54000000,0.02360000
1862.15000000,0.00090000,1688966426005,1862.09000000,0.28670000,1860.54000000,0.02360000
1862.15000000,0.00090000,1688966438278,1862.08000000,0.44440000,1860.54000000,0.02360000
1862.15000000,0.00090000,1688966438791,1862.04000000,0.08670000,1860.54000000,0.02360000
1862.15000000,0.00090000,1688966447339,1862.04000000,0.08670000,1860.53000000,0.20000000
1862.15000000,0.00090000,1688966457225,1862.03000000,0.43720000,1860.53000000,0.20000000
1862.15000000,0.00090000,1688966457942,1862.01000000,0.08670000,1860.53000000,0.20000000
1862.15000000,0.00090000,1688966459247,1862.00000000,0.39980000,1860.53000000,0.20000000
1862.15000000,0.00090000,1688966459744,1861.96000000,0.08670000,1860.53000000,0.20000000
1861.96000000,0.00090000,1688966461660,1861.96000000,0.08580000,1860.53000000,0.20000000
1861.96000000,0.00090000,1688966480260,1861.95000000,22.58540000,1860.53000000,0.20000000
1861.96000000,0.00090000,1688966480615,1861.92000000,0.08670000,1860.54000000,0.02360000
1861.96000000,0.00090000,1688966482261,1861.92000000,0.08670000,1860.54000000,0.02360000
1861.96000000,0.00090000,1688966482442,1861.92000000,0.08670000,1860.54000000,0.48850000
1861.96000000,0.00090000,1688966484117,1861.92000000,0.08670000,1860.54000000,0.02360000
1861.96000000,0.00090000,1688966485228,1861.91000000,0.39200000,1860.54000000,0.02360000
1861.96000000,0.00090000,1688966486156,1861.91000000,0.59200000,1860.54000000,0.53710000
1861.96000000,0.00090000,1688966488007,1861.91000000,0.39200000,1860.54000000,0.53710000
1861.96000000,0.00090000,1688966488458,1861.91000000,0.59200000,1860.56000000,0.02360000
1861.96000000,0.00090000,1688966490009,1861.90000000,0.20000000,1860.56000000,0.02360000
1861.96000000,0.00090000,1688966490029,1861.91000000,0.39200000,1860.56000000,0.02360000
1861.96000000,0.00090000,1688966492024,1861.91000000,0.59200000,1860.56000000,0.02360000
1861.96000000,0.00090000,1688966492138,1861.91000000,0.59200000,1860.56000000,0.02360000
1861.96000000,0.00090000,1688966494011,1861.91000000,0.59200000,1860.56000000,0.02360000
1861.96000000,0.00090000,1688966496011,1861.90000000,0.20000000,1860.56000000,0.02360000
1861.96000000,0.00090000,1688966506400,1861.90000000,0.20000000,1860.55000000,0.20000000
1861.96000000,0.00090000,1688966506828,1861.86000000,0.08670000,1860.45000000,0.02360000
1861.96000000,0.00090000,1688966514301,1861.88000000,0.20000000,1860.45000000,0.02360000
1861.96000000,0.00090000,1688966515150,1861.87000000,0.08670000,1860.46000000,0.38190000
1861.96000000,0.00090000,1688966516136,1861.93000000,0.20000000,1860.48000000,0.35980000
1861.96000000,0.00090000,1688966516530,1861.93000000,0.20000000,1860.49000000,0.02360000
1861.96000000,0.00090000,1688966518142,1861.93000000,0.20000000,1860.50000000,0.35870000
1861.96000000,0.00090000,1688966518533,1861.93000000,0.20000000,1860.51000000,0.02360000
1861.96000000,0.00090000,1688966520242,1861.92000000,0.46260000,1860.51000000,0.22360000
1861.96000000,0.00090000,1688966520375,1861.92000000,0.46260000,1860.51000000,0.02360000
1861.96000000,0.00090000,1688966522049,1861.92000000,0.66260000,1860.51000000,0.02360000
1861.96000000,0.00090000,1688966524024,1861.92000000,0.46260000,1860.51000000,0.02360000
1861.96000000,0.00090000,1688966524250,1861.92000000,0.66260000,1860.51000000,0.40340000
1861.96000000,0.00090000,1688966526020,1861.92000000,0.66260000,1860.51000000,0.40340000
1861.96000000,0.00090000,1688966528003,1861.92000000,0.46260000,1860.51000000,0.40340000
1861.96000000,0.00090000,1688966528023,1861.92000000,0.66260000,1860.51000000,0.40340000
1861.96000000,0.00090000,1688966530010,1861.92000000,0.46260000,1860.51000000,0.40340000
1861.96000000,0.00090000,1688966530010,1861.91000000,0.20000000,1860.51000000,0.40340000
1861.96000000,0.00090000,1688966532052,1861.91000000,0.20000000,1860.51000000,0.60340000
1861.96000000,0.00090000,1688966532151,1861.91000000,0.20000000,1860.51000000,0.02360000
1861.96000000,0.00090000,1688966533654,1861.90000000,0.08670000,1860.51000000,0.02360000
1861.96000000,0.00090000,1688966538056,1861.90000000,0.08670000,1860.51000000,0.22360000
1861.96000000,0.00090000,1688966538356,1861.90000000,0.08670000,1860.51000000,0.02360000
1861.96000000,0.00090000,1688966539434,1861.88000000,0.08670000,1860.51000000,0.02360000
1861.88000000,0.07500000,1688966540368,1861.88000000,0.21170000,1860.51000000,0.02360000
1861.88000000,0.07500000,1688966552063,1861.88000000,0.21170000,1860.51000000,0.22360000
1861.88000000,0.07500000,1688966552977,1861.88000000,0.21170000,1860.51000000,0.02360000
1861.88000000,0.07500000,1688966554006,1861.88000000,0.21170000,1860.51000000,0.22360000
1861.88000000,0.07500000,1688966554165,1861.88000000,0.21170000,1860.51000000,0.02360000
1861.88000000,0.07500000,1688966565238,1861.87000000,0.42060000,1860.51000000,0.02360000
1861.88000000,0.07500000,1688966566081,1861.87000000,0.62060000,1860.51000000,0.02360000
1861.88000000,0.07500000,1688966568003,1861.87000000,0.42060000,1860.51000000,0.02360000
1861.88000000,0.07500000,1688966568020,1861.87000000,0.62060000,1860.51000000,0.02360000
1861.88000000,0.07500000,1688966570005,1861.86000000,0.54160000,1860.51000000,0.02360000
1861.88000000,0.07500000,1688966570083,1861.86000000,0.54160000,1860.51000000,0.02360000
1861.88000000,0.07500000,1688966572017,1861.85000000,0.20000000,1860.51000000,0.02360000
1861.88000000,0.07500000,1688966572654,1861.85000000,0.85000000,1860.51000000,0.02360000
1861.88000000,0.07500000,1688966574006,1861.83000000,0.20000000,1860.51000000,0.02360000
1861.88000000,0.07500000,1688966575682,1861.84000000,0.20000000,1860.51000000,0.02360000
1861.84000000,0.00090000,1688966582106,1861.84000000,0.19910000,1860.51000000,0.02360000
1861.84000000,0.00090000,1688966582170,1861.84000000,0.20000000,1860.51000000,0.02360000
1861.84000000,0.00090000,1688966586290,1861.86000000,0.34160000,1860.51000000,0.02360000
1861.84000000,0.00090000,1688966587258,1861.85000000,0.42160000,1860.51000000,0.02360000
1861.84000000,0.00090000,1688966588090,1861.84000000,0.20000000,1860.51000000,0.02360000
1861.84000000,0.00090000,1688966590238,1861.83000000,0.37400000,1860.51000000,0.02360000
1861.84000000,0.00090000,1688966592005,1861.83000000,0.57400000,1860.51000000,0.02360000
1861.84000000,0.00090000,1688966592094,1861.82000000,0.20000000,1860.51000000,0.02360000
1861.84000000,0.00090000,1688966638239,1861.81000000,0.43180000,1860.51000000,0.02360000
1861.84000000,0.00090000,1688966640043,1861.81000000,0.63180000,1860.51000000,0.02360000
1861.84000000,0.00090000,1688966640137,1861.81000000,0.63180000,1860.51000000,0.02360000
1861.81000000,0.00090000,1688966642005,1861.80000000,0.20000000,1860.51000000,0.02360000
1860.44000000,0.26550000,1688966669175,1861.80000000,0.20000000,1860.44000000,0.27970000
1860.45000000,0.00280000,1688966669298,1861.80000000,0.20000000,1860.45000000,0.02080000
1860.45000000,0.00280000,1688966674054,1861.80000000,0.20000000,1860.45000000,0.22080000
1860.45000000,0.00280000,1688966674254,1861.80000000,0.20000000,1860.45000000,0.02080000
1860.45000000,0.00280000,1688966694268,1862.00000000,0.59610000,1860.45000000,0.02080000
1860.45000000,0.00280000,1688966694368,1862.09000000,0.20000000,1860.45000000,0.02080000
1860.45000000,0.00280000,1688966696101,1862.09000000,0.20000000,1860.49000000,0.05170000
1860.45000000,0.00280000,1688966697252,1862.08000000,0.37740000,1860.51000000,0.04880000
1860.45000000,0.00280000,1688966698083,1862.08000000,0.57740000,1860.53000000,0.04880000
1860.45000000,0.00280000,1688966698681,1862.08000000,0.57740000,1860.53000000,0.55790000
1860.45000000,0.00280000,1688966700246,1862.07000000,0.44970000,1860.55000000,0.04880000
1862.07000000,0.00090000,1688966701662,1862.07000000,0.44880000,1860.55000000,0.04880000
1862.07000000,0.00090000,1688966702079,1862.07000000,0.64880000,1860.55000000,0.04880000
1862.07000000,0.00090000,1688966703935,1862.07000000,0.64880000,1860.54000000,0.20000000
1862.07000000,0.00090000,1688966704032,1862.07000000,0.64880000,1860.55000000,0.04720000
1862.07000000,0.00090000,1688966705255,1862.06000000,0.42050000,1860.57000000,0.04770000
1862.05000000,0.00320000,1688966706745,1862.05000000,0.50000000,1860.57000000,0.03590000
1862.05000000,0.00320000,1688966708005,1862.04000000,0.20000000,1860.57000000,0.03590000
1862.05000000,0.00320000,1688966708075,1862.04000000,0.20000000,1860.59000000,0.03630000
1862.05000000,0.00320000,1688966710594,1862.04000000,0.20000000,1860.60000000,0.03650000
1862.05000000,0.00320000,1688966710677,1862.04000000,0.20000000,1860.61000000,0.03630000
1862.05000000,0.00320000,1688966713346,1862.04000000,0.20000000,1860.60000000,0.03650000
1862.05000000,0.00320000,1688966713507,1862.04000000,0.20000000,1860.54000000,0.20000000
1862.05000000,0.00320000,1688966721961,1862.03000000,23.87380000,1860.54000000,0.20000000
1862.05000000,0.00320000,1688966722094,1862.01000000,0.20000000,1860.45000000,0.00540000
1862.05000000,0.00320000,1688966723268,1862.00000000,0.18270000,1860.45000000,0.00540000
1862.05000000,0.00320000,1688966732957,1862.00000000,0.18270000,1860.45000000,0.59650000
1862.05000000,0.00320000,1688966732997,1862.00000000,0.18270000,1860.46000000,0.20000000
1862.00000000,0.03670000,1688966735540,1862.00000000,0.14600000,1860.46000000,0.20000000
1860.46000000,0.17270000,1688966757952,1862.00000000,0.14600000,1860.46000000,0.02730000
1860.46000000,0.17270000,1688966758014,1861.98000000,0.20000000,1860.46000000,0.20000000
1860.46000000,0.17270000,1688966759420,1861.97000000,0.64370000,1860.46000000,0.20000000
1860.46000000,0.17270000,1688966760052,1861.96000000,0.50000000,1860.46000000,0.20000000
1860.46000000,0.17270000,1688966762004,1861.95000000,0.20000000,1860.46000000,0.20000000
1861.95000000,0.00090000,1688966762422,1861.94000000,0.65840000,1860.46000000,0.20000000
1861.95000000,0.00090000,1688966763202,1861.93000000,0.50000000,1860.46000000,0.20000000
1861.95000000,0.00090000,1688966764030,1861.92000000,0.20000000,1860.46000000,0.20000000
1861.95000000,0.00090000,1688966775726,1861.92000000,0.20000000,1860.16000000,0.00270000
1861.95000000,0.00090000,1688966776266,1861.91000000,0.13190000,1860.16000000,0.00270000
1861.95000000,0.00090000,1688966784382,1861.90000000,23.84320000,1860.16000000,0.00270000
1861.95000000,0.00090000,1688966784433,1861.88000000,0.20000000,1860.16000000,0.00270000
1861.95000000,0.00090000,1688966813272,1861.87000000,23.84320000,1860.16000000,0.00270000
1861.95000000,0.00090000,1688966813352,1861.84000000,0.20000000,1860.16000000,0.00270000
1861.95000000,0.00090000,1688966816746,1861.83000000,11.77530000,1860.16000000,0.00270000
1861.95000000,0.00090000,1688966817250,1861.79000000,0.43960000,1860.16000000,0.00270000
1861.95000000,0.00090000,1688966818060,1861.79000000,0.63960000,1860.16000000,0.00270000
1861.95000000,0.00090000,1688966820013,1861.79000000,0.43960000,1860.16000000,0.00270000
1861.95000000,0.00090000,1688966820251,1861.78000000,0.46950000,1860.16000000,0.00270000
1861.95000000,0.00090000,1688966822004,1861.78000000,0.66950000,1860.16000000,0.00270000
1861.78000000,0.00090000,1688966822147,1861.78000000,0.66860000,1860.16000000,0.00270000
1861.78000000,0.00090000,1688966824004,1861.77000000,0.31560000,1860.16000000,0.00270000
1860.08000000,0.08730000,1688966827128,1861.77000000,0.31560000,1860.08000000,0.48420000
1860.08000000,0.08730000,1688966828263,1861.77000000,0.31560000,1860.08000000,0.56420000
1860.08000000,0.08730000,1688966828579,1861.56000000,0.00270000,1860.08000000,0.56420000
1860.08000000,0.08730000,1688966830025,1861.56000000,0.00270000,1860.08000000,0.56420000
1860.08000000,0.08730000,1688966832007,1861.56000000,0.00270000,1860.08000000,0.48420000
1860.08000000,0.08730000,1688966832040,1861.56000000,0.00270000,1860.08000000,0.56420000
1860.08000000,0.08730000,1688966834031,1861.56000000,0.00270000,1860.09000000,0.08000000
1860.08000000,0.08730000,1688966854106,1861.55000000,23.79860000,1860.09000000,0.08000000
1860.08000000,0.08730000,1688966854182,1861.54000000,0.20000000,1860.09000000,0.08000000
1860.08000000,0.08730000,1688966856008,1861.51000000,0.20000000,1860.09000000,0.08000000
1860.08000000,0.08730000,1688966877402,1861.50000000,23.79860000,1860.09000000,0.08000000
1860.08000000,0.08730000,1688966877498,1861.49000000,0.20000000,1860.09000000,0.08000000
1860.08000000,0.08730000,1688966879415,1861.48000000,0.56970000,1860.09000000,0.08000000
1860.08000000,0.08730000,1688966880028,1861.48000000,0.56970000,1860.00000000,0.05360000
1861.48000000,0.00090000,1688966881763,1861.48000000,0.56880000,1860.00000000,0.05360000
1861.48000000,0.00090000,1688966882256,1861.47000000,0.20950000,1860.00000000,0.05360000
1861.48000000,0.00090000,1688966884004,1861.47000000,0.40950000,1860.00000000,0.05360000
1861.48000000,0.00090000,1688966898266,1861.46000000,0.37330000,1860.00000000,0.05360000
1861.48000000,0.00090000,1688966898513,1861.43000000,0.20000000,1860.00000000,0.05360000
1861.48000000,0.00090000,1688966918627,1861.46000000,0.37330000,1860.00000000,0.05360000
1861.48000000,0.00090000,1688966919321,1861.43000000,0.53860000,1860.00000000,0.05360000
1861.48000000,0.00090000,1688966920433,1861.41000000,0.56690000,1860.00000000,0.05360000
1861.48000000,0.00090000,1688966922038,1861.41000000,0.36690000,1860.00000000,0.05360000
1861.48000000,0.00090000,1688966922057,1861.41000000,0.56690000,1860.00000000,0.05360000
1861.48000000,0.00090000,1688966924033,1861.40000000,0.44450000,1860.00000000,0.05360000
1861.48000000,0.00090000,1688966928260,1861.39000000,0.31890000,1860.00000000,0.05360000
1861.48000000,0.00090000,1688966928433,1861.38000000,0.20000000,1860.00000000,0.05360000
1861.38000000,0.00090000,1688966941649,1861.38000000,0.19910000,1860.00000000,0.05360000
1861.38000000,0.00090000,1688966942011,1861.35000000,0.20000000,1860.00000000,0.05360000
1861.38000000,0.00090000,1688966943640,1861.33000000,0.53870000,1860.00000000,0.05360000
1861.38000000,0.00090000,1688966944012,1861.32000000,0.20000000,1860.00000000,0.05360000
1861.38000000,0.00090000,1688966960270,1861.31000000,0.40790000,1860.00000000,0.05360000
1861.38000000,0.00090000,1688966960646,1861.30000000,0.53870000,1860.00000000,0.05360000
1861.38000000,0.00090000,1688966962033,1861.29000000,0.20000000,1860.00000000,0.05360000
1861.38000000,0.00090000,1688966982062,1861.28000000,23.79860000,1860.00000000,0.05360000
1861.38000000,0.00090000,1688966982080,1861.27000000,0.20000000,1860.00000000,0.05360000
1861.38000000,0.00090000,1688966991264,1861.26000000,0.41830000,1860.00000000,0.05360000
1861.38000000,0.00090000,1688966992007,1861.24000000,0.20000000,1860.00000000,0.05360000
1861.38000000,0.00090000,1688966993274,1861.23000000,0.44930000,1860.00000000,0.05360000
1861.38000000,0.00090000,1688966993479,1861.22000000,0.20000000,1860.00000000,0.05360000
1861.22000000,0.00090000,1688967001848,1861.22000000,0.19910000,1860.00000000,0.05360000
1861.22000000,0.00090000,1688967002684,1861.21000000,23.79860000,1860.00000000,0.05360000
1861.22000000,0.00090000,1688967003659,1861.20000000,0.50000000,1860.00000000,0.05360000
1861.22000000,0.00090000,1688967004010,1861.19000000,0.20000000,1860.00000000,0.05360000
1861.22000000,0.00090000,1688967005660,1861.17000000,0.50000000,1860.00000000,0.05360000
1861.22000000,0.00090000,1688967006012,1861.16000000,0.20000000,1860.00000000,0.05360000
1859.82000000,0.04180000,1688967017129,1861.16000000,0.20000000,1859.82000000,0.45820000
1859.82000000,0.23460000,1688967018128,1861.16000000,0.20000000,1859.82000000,0.26540000
1859.82000000,0.49860000,1688967049086,1861.16000000,0.20000000,1859.82000000,0.00140000
1859.82000000,0.49860000,1688967050269,1861.15000000,0.46630000,1859.82000000,0.00140000
1859.82000000,0.49860000,1688967050319,1861.13000000,0.20000000,1859.82000000,0.00140000
1859.82000000,0.49860000,1688967052624,1861.13000000,0.20000000,1859.32000000,0.39150000
1859.82000000,0.49860000,1688967052640,1861.13000000,0.20000000,1859.32000000,0.89150000
1859.82000000,0.49860000,1688967054422,1861.11000000,0.20000000,1859.33000000,0.50000000
1861.11000000,0.00090000,1688967062287,1861.11000000,0.19910000,1859.33000000,0.50000000
1861.11000000,0.00090000,1688967062633,1861.11000000,0.51220000,1859.33000000,0.50000000
1861.11000000,0.00090000,1688967064027,1861.10000000,0.20000000,1859.33000000,0.50000000
1861.11000000,0.00090000,1688967084270,1861.09000000,0.29970000,1859.33000000,0.50000000
1861.11000000,0.00090000,1688967084343,1861.07000000,0.20000000,1859.33000000,0.50000000
1861.11000000,0.00090000,1688967094093,1861.07000000,0.20000000,1859.30000000,0.02830000
1861.11000000,0.00090000,1688967095280,1861.06000000,0.45950000,1859.30000000,0.02830000
1861.11000000,0.00090000,1688967096006,1861.04000000,0.20000000,1859.30000000,0.02830000
1861.11000000,0.00090000,1688967102273,1861.03000000,0.44530000,1859.30000000,0.02830000
1861.11000000,0.00090000,1688967102456,1861.02000000,0.20000000,1859.30000000,0.02830000
1861.11000000,0.00090000,1688967104284,1861.01000000,0.37190000,1859.30000000,0.02830000
1861.11000000,0.00090000,1688967104685,1860.98000000,0.58210000,1859.30000000,0.02830000
1861.11000000,0.00090000,1688967106021,1860.97000000,0.20000000,1859.30000000,0.02830000
1861.11000000,0.00090000,1688967110816,1860.92000000,0.50000000,1859.30000000,0.02830000
1861.11000000,0.00090000,1688967111363,1860.89000000,0.20000000,1859.30000000,0.02830000
1861.11000000,0.00090000,1688967112463,1860.87000000,0.20000000,1859.30000000,0.02830000
1861.11000000,0.00090000,1688967115271,1860.86000000,0.37020000,1859.30000000,0.02830000
1861.11000000,0.00090000,1688967116028,1860.86000000,0.57020000,1859.30000000,0.02830000
1861.11000000,0.00090000,1688967117274,1860.85000000,0.46580000,1859.30000000,0.02830000
1861.11000000,0.00090000,1688967118067,1860.84000000,0.20000000,1859.30000000,0.02830000
1861.11000000,0.00090000,1688967122115,1860.83000000,11.77530000,1859.30000000,0.02830000
1860.79000000,0.00090000,1688967122508,1860.79000000,0.20000000,1859.30000000,0.02830000
1860.79000000,0.00090000,1688967124133,1860.78000000,11.77530000,1859.30000000,0.02830000
1860.79000000,0.00090000,1688967124558,1860.69000000,23.79860000,1859.30000000,0.02830000
1859.30000000,0.02830000,1688967126111,1860.59000000,11.77530000,1858.76000000,0.00270000
1859.30000000,0.02830000,1688967126939,1860.53000000,11.77530000,1858.76000000,0.00270000
1860.53000000,0.00090000,1688967128003,1860.50000000,0.20000000,1858.76000000,0.00270000
1860.53000000,0.00090000,1688967130120,1860.49000000,11.77530000,1858.76000000,0.00270000
1860.53000000,0.00090000,1688967130276,1860.46000000,0.20000000,1858.76000000,0.00270000
1860.53000000,0.00090000,1688967137148,1860.45000000,11.77530000,1858.76000000,0.00270000
1860.53000000,0.00090000,1688967137282,1860.43000000,0.20000000,1858.76000000,0.00270000
1860.53000000,0.00090000,1688967148312,1860.42000000,23.79860000,1858.76000000,0.00270000
1860.53000000,0.00090000,1688967148389,1860.41000000,0.20000000,1858.76000000,0.00270000
1860.53000000,0.00090000,1688967168702,1860.44000000,0.61630000,1858.76000000,0.00270000
1860.53000000,0.00090000,1688967168802,1860.42000000,0.20000000,1858.76000000,0.00270000
1860.53000000,0.00090000,1688967171277,1860.41000000,0.37790000,1858.76000000,0.00270000
1860.53000000,0.00090000,1688967171405,1860.40000000,0.20000000,1858.76000000,0.00270000
1860.53000000,0.00090000,1688967176333,1860.39000000,0.34170000,1858.76000000,0.00270000
1860.53000000,0.00090000,1688967176522,1860.39000000,0.54170000,1858.76000000,0.00270000
1860.53000000,0.00090000,1688967178015,1860.38000000,0.20000000,1858.76000000,0.00270000
1860.53000000,0.00090000,1688967179310,1860.37000000,0.61370000,1858.76000000,0.00270000
1860.53000000,0.00090000,1688967180006,1860.36000000,0.20000000,1858.76000000,0.00270000
1860.36000000,0.00090000,1688967181854,1860.36000000,0.19910000,1858.76000000,0.00270000
1860.36000000,0.00090000,1688967182112,1860.36000000,0.20000000,1858.76000000,0.00270000
1860.36000000,0.00180000,1688967241833,1860.36000000,0.19910000,1858.76000000,0.00270000
1860.36000000,0.00180000,1688967242006,1860.35000000,0.20000000,1858.76000000,0.00270000
1858.67000000,0.20490000,1688967243527,1860.35000000,0.20000000,1858.67000000,0.27580000
1858.67000000,0.20490000,1688967244807,1860.16000000,0.00270000,1858.67000000,0.27580000
1858.67000000,0.48150000,1688967245538,1860.00000000,0.03000000,1858.67000000,0.08680000
1858.66000000,0.20720000,1688967246527,1859.99000000,0.39370000,1858.66000000,0.29280000
1858.66000000,0.20720000,1688967247715,1859.98000000,0.08670000,1858.66000000,0.29280000
1858.66000000,0.20720000,1688967248058,1859.98000000,0.28670000,1858.66000000,0.29280000
1858.66000000,0.20720000,1688967258411,1859.98000000,0.20000000,1858.66000000,0.29280000
1858.66000000,0.20720000,1688967268089,1859.98000000,0.20000000,1858.67000000,14.28040000
1858.66000000,0.20720000,1688967268325,1859.98000000,0.20000000,1858.75000000,0.41460000
1859.98000000,0.20000000,1688967270062,1859.99000000,0.39370000,1858.75000000,0.22360000
1859.98000000,0.20000000,1688967270605,1860.15000000,0.57150000,1858.75000000,0.67290000
1859.98000000,0.20000000,1688967272033,1860.15000000,0.57150000,1858.78000000,0.02360000
1859.98000000,0.20000000,1688967274003,1860.15000000,0.57150000,1858.78000000,0.22360000
1859.98000000,0.20000000,1688967274928,1860.15000000,0.57150000,1858.80000000,0.52360000
1859.98000000,0.20000000,1688967276009,1860.15000000,0.37150000,1858.95000000,0.22360000
1860.15000000,0.24640000,1688967276848,1860.15000000,0.12510000,1858.97000000,0.02360000
1860.15000000,0.37150000,1688967277285,1860.16000000,0.00270000,1858.97000000,0.02360000
1860.15000000,0.37150000,1688967278282,1860.16000000,0.00270000,1858.97000000,0.02360000
1860.15000000,0.37150000,1688967280018,1860.16000000,0.00270000,1859.00000000,0.22360000
1860.15000000,0.37150000,1688967280282,1860.16000000,0.00270000,1859.00000000,0.02360000
1860.15000000,0.37150000,1688967282006,1860.16000000,0.00270000,1859.00000000,0.22360000
1860.15000000,0.37150000,1688967282552,1860.16000000,0.00270000,1859.00000000,0.58430000
1860.15000000,0.37150000,1688967284028,1860.16000000,0.00270000,1859.02000000,0.20000000
1859.02000000,0.00640000,1688967284899,1860.16000000,0.00270000,1859.04000000,0.39890000
1859.02000000,0.00640000,1688967285551,1860.16000000,0.00270000,1859.05000000,0.02360000
1861.03000000,0.08180000,1688967291529,1861.03000000,0.20490000,1859.05000000,0.02360000
1861.03000000,0.08180000,1688967292346,1861.03000000,0.20490000,1859.08000000,0.50610000
1861.03000000,0.08180000,1688967292657,1861.03000000,0.20490000,1859.09000000,0.02360000
1861.03000000,0.08180000,1688967294291,1861.03000000,0.20490000,1859.09000000,0.02360000
1861.03000000,0.08180000,1688967295391,1861.03000000,0.20490000,1859.11000000,0.41660000
1861.03000000,0.08180000,1688967296351,1861.03000000,0.20490000,1859.13000000,0.49920000
1861.03000000,0.08180000,1688967296760,1861.03000000,0.20490000,1859.14000000,0.02360000
1861.03000000,0.08180000,1688967298194,1861.03000000,0.20490000,1859.14000000,0.02360000
1861.03000000,0.08270000,1688967301828,1861.03000000,0.20400000,1859.14000000,0.02360000
1861.03000000,0.08270000,1688967312105,1861.03000000,0.20400000,1859.14000000,0.22360000
1861.03000000,0.08270000,1688967312203,1861.03000000,0.20400000,1859.14000000,0.02360000
1861.03000000,0.08270000,1688967314074,1861.03000000,0.20400000,1859.17000000,0.02360000
1861.03000000,0.08270000,1688967314813,1861.03000000,0.20400000,1859.19000000,0.02360000
1861.03000000,0.08270000,1688967317288,1861.03000000,0.20400000,1859.20000000,0.41100000
1861.03000000,0.08270000,1688967318159,1861.01000000,0.28670000,1859.22000000,0.68460000
1861.03000000,0.08270000,1688967319017,1861.01000000,0.28670000,1859.25000000,0.02360000
1861.03000000,0.08270000,1688967320209,1861.01000000,0.28670000,1859.25000000,0.02360000
1861.03000000,0.08270000,1688967320409,1861.01000000,0.28670000,1859.25000000,0.02360000
1861.03000000,0.08270000,1688967322310,1861.01000000,0.28670000,1859.25000000,0.02360000
1861.03000000,0.08270000,1688967322680,1861.01000000,0.29700000,1859.25000000,0.02360000
1861.03000000,0.08270000,1688967325579,1861.01000000,0.28670000,1859.25000000,0.02360000
1859.25000000,0.01030000,1688967325680,1861.01000000,0.28670000,1859.25000000,0.01330000
1859.25000000,0.01030000,1688967328240,1861.01000000,0.28670000,1859.25000000,0.37780000
1859.25000000,0.01030000,1688967330011,1861.01000000,0.28670000,1859.25000000,0.57780000
1859.25000000,0.01030000,1688967330567,1860.99000000,0.08670000,1859.25000000,0.01330000
1859.25000000,0.01030000,1688967332056,1860.99000000,0.28670000,1859.25000000,0.01330000
1859.25000000,0.01030000,1688967332216,1860.99000000,0.28670000,1859.25000000,0.01330000
1859.25000000,0.01030000,1688967334240,1860.99000000,0.28670000,1859.25000000,0.35740000
1859.25000000,0.01030000,1688967336119,1860.99000000,0.28670000,1859.25000000,0.55740000
1859.25000000,0.01030000,1688967336220,1860.99000000,0.28670000,1859.25000000,0.01330000
1859.25000000,0.01030000,1688967338245,1860.99000000,0.28670000,1859.25000000,0.55120000
1859.25000000,0.01030000,1688967339227,1860.99000000,0.28670000,1859.29000000,0.02360000
1859.25000000,0.01030000,1688967340161,1860.97000000,0.08670000,1859.29000000,0.02360000
1859.25000000,0.01030000,1688967341315,1860.97000000,0.08670000,1859.30000000,0.38000000
1859.25000000,0.01030000,1688967342130,1860.95000000,0.28670000,1859.30000000,0.58000000
1859.25000000,0.01030000,1688967342470,1860.95000000,0.28670000,1859.31000000,0.50000000
1859.25000000,0.01030000,1688967344023,1860.92000000,0.28670000,1859.32000000,0.20000000
1859.25000000,0.01030000,1688967356568,1860.91000000,0.50000000,1859.32000000,0.20000000
1859.25000000,0.01030000,1688967356743,1860.53000000,0.28670000,1858.76000000,0.00270000
1859.25000000,0.01030000,1688967360757,1860.52000000,11.77530000,1858.76000000,0.00270000
1859.25000000,0.01030000,1688967361018,1860.11000000,0.08670000,1858.76000000,0.00270000
1860.11000000,0.00090000,1688967362552,1860.11000000,0.28580000,1858.76000000,0.00270000
1858.76000000,0.00270000,1688967365390,1860.11000000,0.28580000,1858.33000000,0.00350000
1857.55000000,0.25330000,1688967366299,1860.08000000,0.08670000,1857.56000000,0.02360000
1857.55000000,0.25330000,1688967367305,1860.07000000,0.21120000,1857.57000000,0.22280000
1857.55000000,0.25330000,1688967367644,1860.06000000,0.08670000,1857.57000000,0.22280000
1857.55000000,0.25330000,1688967369290,1859.99000000,11.77530000,1857.57000000,0.22280000
1857.55000000,0.25330000,1688967370005,1859.96000000,0.28670000,1857.57000000,0.22280000
1857.55000000,0.25330000,1688967371389,1859.96000000,0.28670000,1857.57000000,0.72280000
1857.55000000,0.25330000,1688967371503,1859.96000000,0.28670000,1857.58000000,0.02360000
1857.55000000,0.25330000,1688967373051,1859.96000000,0.28670000,1857.58000000,0.41130000
1857.55000000,0.25330000,1688967374340,1859.96000000,0.28670000,1857.58000000,0.02360000
1857.55000000,0.25330000,1688967375347,1859.95000000,0.45560000,1857.58000000,0.02360000
1857.55000000,0.25330000,1688967375747,1859.94000000,0.28670000,1857.58000000,0.02360000
1857.55000000,0.25330000,1688967381364,1859.94000000,0.28670000,1857.58000000,0.37720000
1857.55000000,0.25330000,1688967387567,1859.94000000,0.28670000,1857.58000000,0.02360000
1857.55000000,0.25330000,1688967389315,1859.93000000,0.43460000,1857.58000000,0.02360000
1857.55000000,0.25330000,1688967389508,1859.90000000,0.08670000,1857.58000000,0.02360000
1857.55000000,0.25330000,1688967391501,1859.90000000,0.08670000,1857.57000000,0.72280000
1857.55000000,0.25330000,1688967392309,1859.05000000,0.08670000,1857.54000000,0.02830000
1859.05000000,0.02420000,1688967393511,1859.05000000,0.06250000,1857.54000000,0.02830000
1859.05000000,0.02420000,1688967401304,1859.04000000,0.42760000,1857.54000000,0.02830000
1859.05000000,0.02420000,1688967401565,1859.03000000,0.28670000,1857.54000000,0.02830000
1859.05000000,0.02420000,1688967405356,1859.03000000,0.28670000,1857.55000000,0.02360000
1859.05000000,0.02420000,1688967409546,1859.03000000,0.28670000,1857.55000000,0.41640000
1859.05000000,0.02420000,1688967418142,1859.03000000,0.28670000,1857.55000000,0.02360000
1859.03000000,0.00090000,1688967421599,1859.03000000,0.28580000,1857.55000000,0.02360000
1859.03000000,0.00090000,1688967423474,1859.03000000,0.28580000,1857.54000000,0.02830000
1859.03000000,0.00090000,1688967426026,1859.03000000,0.28580000,1857.54000000,0.19910000
1859.03000000,0.17170000,1688967427924,1859.03000000,0.11500000,1857.54000000,0.19910000
1859.03000000,0.17170000,1688967428841,1859.03000000,0.20000000,1857.55000000,0.02360000
1859.03000000,0.34250000,1688967429929,1859.04000000,0.42760000,1857.55000000,0.19440000
1859.04000000,0.17080000,1688967430924,1859.04000000,0.45680000,1857.55000000,0.02360000
1859.04000000,0.17080000,1688967431296,1859.20000000,0.20000000,1857.55000000,0.02360000
1859.04000000,0.17080000,1688967444632,1859.20000000,0.20000000,1857.55000000,0.43360000
1859.04000000,0.17080000,1688967445198,1859.36000000,0.20000000,1857.55000000,0.45390000
1859.04000000,0.17080000,1688967452102,1859.36000000,0.20000000,1857.55000000,0.65390000
1859.04000000,0.17080000,1688967452970,1859.84000000,0.20000000,1857.79000000,0.39230000
1859.04000000,0.17080000,1688967454102,1859.84000000,0.20000000,1857.80000000,0.20000000
1859.04000000,0.17080000,1688967455089,1859.84000000,0.20000000,1857.79000000,0.22360000
1859.04000000,0.17080000,1688967456109,1859.83000000,0.40010000,1857.82000000,0.22360000
1859.04000000,0.17080000,1688967456329,1859.83000000,0.60010000,1857.82000000,0.48370000
1859.04000000,0.17080000,1688967458104,1859.83000000,0.60010000,1857.82000000,0.02360000
1859.04000000,0.17080000,1688967459305,1859.82000000,0.12650000,1857.82000000,0.02360000
1859.04000000,0.17080000,1688967460228,1859.82000000,0.32650000,1857.82000000,0.22360000
1859.04000000,0.17080000,1688967472012,1859.82000000,0.32650000,1857.83000000,13.90780000
1859.04000000,0.17080000,1688967472544,1859.82000000,0.32650000,1857.91000000,0.02360000
1859.04000000,0.17080000,1688967474006,1859.82000000,0.32650000,1857.92000000,0.20000000
1859.04000000,0.17080000,1688967474499,1859.82000000,0.32650000,1857.93000000,0.02360000
1859.04000000,0.17080000,1688967476006,1859.82000000,0.32650000,1857.96000000,0.22360000
1859.04000000,0.17080000,1688967476418,1859.82000000,0.32650000,1857.96000000,0.02360000
1859.04000000,0.17080000,1688967478032,1859.82000000,0.32650000,1857.97000000,0.37250000
1859.04000000,0.17080000,1688967478420,1859.82000000,0.32650000,1857.96000000,0.02360000
1859.04000000,0.17080000,1688967480024,1859.82000000,0.32650000,1857.96000000,0.02360000
1859.04000000,0.17080000,1688967480258,1859.82000000,0.32650000,1857.96000000,0.02360000
1859.04000000,0.17080000,1688967482022,1859.82000000,0.32650000,1857.96000000,0.22360000
1859.82000000,0.00090000,1688967482450,1859.82000000,0.32560000,1857.98000000,0.02360000
1859.82000000,0.00090000,1688967484024,1859.82000000,0.32560000,1857.98000000,0.22360000
1859.82000000,0.00090000,1688967484905,1859.81000000,0.26470000,1858.03000000,0.02360000
1859.82000000,0.00090000,1688967486012,1859.81000000,0.46470000,1858.03000000,0.22360000
1859.82000000,0.00090000,1688967486760,1859.81000000,0.46470000,1858.05000000,0.02360000
1859.82000000,0.00090000,1688967488126,1859.81000000,0.46470000,1858.05000000,0.22360000
1859.82000000,0.00090000,1688967488563,1859.81000000,0.46470000,1858.07000000,0.02360000
1859.82000000,0.00090000,1688967491142,1859.81000000,1.08340000,1858.07000000,0.02360000
1859.82000000,0.00090000,1688967492010,1859.79000000,0.20000000,1858.07000000,0.02360000
1859.82000000,0.00090000,1688967492545,1859.79000000,0.20000000,1858.07000000,0.54140000
1859.82000000,0.00090000,1688967494038,1859.78000000,0.60970000,1858.09000000,0.22360000
1859.82000000,0.00090000,1688967496003,1859.78000000,0.40970000,1858.09000000,0.22360000
1859.82000000,0.00090000,1688967496796,1859.78000000,0.60970000,1858.09000000,0.20000000
1859.82000000,0.00090000,1688967498006,1859.77000000,0.20000000,1858.09000000,0.20000000
1859.82000000,0.00090000,1688967498024,1859.78000000,0.60970000,1858.09000000,0.20000000
1859.82000000,0.00090000,1688967500004,1859.77000000,0.20000000,1857.54000000,0.02830000
1859.82000000,0.00090000,1688967509404,1859.77000000,0.20000000,1857.55000000,0.02360000
1859.77000000,0.00060000,1688967510342,1859.77000000,0.20000000,1857.55000000,0.02360000
1859.77000000,0.00060000,1688967510737,1859.77000000,0.20000000,1857.55000000,0.38830000
1859.77000000,0.00060000,1688967514301,1859.76000000,0.44790000,1857.55000000,0.38830000
1859.77000000,0.00060000,1688967516018,1859.76000000,0.64790000,1857.55000000,0.38830000
1859.77000000,0.00060000,1688967516046,1859.75000000,0.20000000,1857.55000000,0.38830000
1859.77000000,0.00060000,1688967517302,1859.74000000,0.18860000,1857.55000000,0.38830000
1859.77000000,0.00060000,1688967520007,1859.74000000,0.18860000,1857.55000000,0.58830000
1859.77000000,0.00060000,1688967520671,1859.74000000,0.18860000,1857.55000000,0.43650000
1859.77000000,0.00060000,1688967524252,1859.74000000,0.18860000,1857.55000000,0.63650000
1859.77000000,0.00060000,1688967525185,1859.74000000,0.18860000,1857.55000000,0.51280000
1859.77000000,0.00060000,1688967526240,1859.74000000,0.18860000,1857.55000000,0.38770000
1859.77000000,0.00060000,1688967530056,1859.74000000,0.18860000,1857.55000000,0.58770000
1859.77000000,0.00060000,1688967530659,1859.74000000,0.18860000,1857.55000000,0.45400000
1859.77000000,0.00060000,1688967532057,1859.74000000,0.18860000,1857.58000000,0.22360000
1859.77000000,0.00060000,1688967533023,1859.74000000,0.18860000,1857.61000000,0.02360000
1859.77000000,0.00060000,1688967534010,1859.74000000,0.18860000,1857.61000000,0.22360000
1859.77000000,0.00060000,1688967534458,1859.74000000,0.18860000,1857.61000000,0.02360000
1859.77000000,0.00060000,1688967536060,1859.74000000,0.18860000,1857.61000000,0.02360000
1859.77000000,0.00060000,1688967536259,1859.74000000,0.18860000,1857.61000000,0.02360000
1859.77000000,0.00060000,1688967538063,1859.74000000,0.18860000,1857.61000000,0.22360000
1859.77000000,0.00060000,1688967538918,1859.73000000,0.52790000,1857.63000000,0.02360000
1859.77000000,0.00060000,1688967540022,1859.73000000,0.52790000,1857.63000000,0.02360000
1859.73000000,0.00090000,1688967541780,1859.73000000,0.52700000,1857.63000000,0.02360000
1859.73000000,0.00090000,1688967542031,1859.73000000,0.52700000,1857.63000000,0.02360000
1859.73000000,0.00090000,1688967543321,1859.72000000,0.18300000,1857.63000000,0.02360000
1859.73000000,0.00090000,1688967544009,1859.72000000,0.38300000,1857.63000000,0.02360000
1859.73000000,0.00090000,1688967546290,1859.72000000,0.38300000,1857.63000000,0.40950000
1859.73000000,0.00090000,1688967546362,1859.72000000,0.38300000,1857.63000000,0.02360000
1859.73000000,0.00090000,1688967548369,1859.72000000,0.38300000,1857.63000000,0.22360000
1859.73000000,0.00090000,1688967548568,1859.72000000,0.38300000,1857.63000000,0.02360000
1859.73000000,0.00090000,1688967551321,1859.71000000,0.41320000,1857.63000000,0.02360000
1859.73000000,0.00090000,1688967552100,1859.71000000,0.61320000,1857.67000000,0.38460000
1859.73000000,0.00090000,1688967554019,1859.70000000,0.20000000,1857.67000000,0.38460000
1859.73000000,0.00090000,1688967554172,1859.70000000,0.20000000,1857.67000000,0.02360000
1859.70000000,0.00090000,1688967601766,1859.70000000,0.19910000,1857.67000000,0.02360000
1859.70000000,0.00090000,1688967602022,1859.71000000,0.61320000,1857.67000000,0.02360000
1859.70000000,0.00090000,1688967604012,1859.71000000,0.41320000,1857.67000000,0.02360000
1859.70000000,0.00090000,1688967604310,1859.70000000,0.40180000,1857.68000000,0.36460000
1859.70000000,0.00090000,1688967606029,1859.70000000,0.60180000,1857.68000000,0.36460000
1859.70000000,0.00090000,1688967606117,1859.70000000,0.60180000,1857.68000000,0.36460000
1859.70000000,0.00090000,1688967608026,1859.69000000,0.38540000,1857.68000000,0.56460000
1859.70000000,0.00090000,1688967608479,1859.69000000,0.38540000,1857.69000000,0.50000000
1859.70000000,0.00090000,1688967610004,1859.69000000,0.38540000,1857.70000000,0.20000000
1859.70000000,0.00090000,1688967630143,1859.68000000,0.49760000,1857.70000000,0.20000000
1859.70000000,0.00090000,1688967630844,1859.67000000,0.56170000,1857.72000000,0.50000000
1859.70000000,0.00090000,1688967632030,1859.67000000,0.56170000,1857.73000000,0.20000000
1859.70000000,0.00090000,1688967634031,1859.66000000,0.20000000,1857.73000000,0.20000000
1859.70000000,0.00090000,1688967637632,1859.66000000,0.20000000,1857.71000000,0.42160000
1859.70000000,0.00090000,1688967638024,1859.66000000,0.20000000,1857.71000000,0.62160000
1859.70000000,0.00090000,1688967640004,1859.66000000,0.20000000,1857.71000000,0.42160000
1859.70000000,0.00090000,1688967640028,1859.66000000,0.20000000,1857.71000000,0.62160000
1859.70000000,0.00090000,1688967642012,1859.66000000,0.20000000,1857.71000000,0.62160000
1859.70000000,0.00090000,1688967642023,1859.66000000,0.20000000,1857.71000000,0.62160000
1859.70000000,0.00090000,1688967644020,1859.66000000,0.20000000,1857.71000000,0.62160000
1859.70000000,0.00090000,1688967646034,1859.66000000,0.20000000,1857.72000000,0.20000000
1859.70000000,0.00090000,1688967646682,1859.60000000,0.85000000,1857.72000000,0.20000000
1859.70000000,0.00090000,1688967648006,1859.59000000,0.20000000,1857.72000000,0.20000000
1859.70000000,0.00090000,1688967654133,1859.58000000,0.52260000,1857.72000000,0.20000000
1859.70000000,0.00090000,1688967654149,1859.57000000,0.20000000,1857.72000000,0.20000000
1859.70000000,0.00090000,1688967656020,1859.56000000,0.53600000,1857.72000000,0.20000000
1859.70000000,0.00090000,1688967657111,1858.53000000,0.65000000,1857.72000000,0.20000000
1859.70000000,0.00090000,1688967658010,1858.52000000,0.20000000,1857.54000000,0.02830000
1858.52000000,0.00080000,1688967660639,1858.52000000,0.19920000,1857.54000000,0.02830000
1858.52000000,0.00080000,1688967660688,1858.52000000,0.20000000,1857.54000000,0.02830000
1858.52000000,0.00170000,1688967661812,1858.52000000,0.20000000,1857.54000000,0.02830000
1857.54000000,0.01200000,1688967673694,1858.52000000,0.20000000,1857.54000000,0.01630000
1857.54000000,0.01200000,1688967673945,1858.52000000,0.20000000,1857.54000000,0.01900000
1857.54000000,0.01200000,1688967679479,1858.51000000,0.08670000,1857.54000000,0.01900000
1857.54000000,0.01200000,1688967681758,1858.50000000,2.28930000,1857.54000000,0.01900000
1857.54000000,0.01200000,1688967682044,1858.48000000,0.08670000,1857.54000000,0.01900000
1857.54000000,0.03100000,1688967683537,1858.48000000,0.08670000,1857.36000000,0.00270000
1856.35000000,0.19630000,1688967685526,1858.48000000,0.08670000,1856.35000000,0.34520000
1855.91000000,0.12770000,1688967686522,1858.48000000,0.08670000,1855.91000000,13.59140000
1855.91000000,0.12770000,1688967687168,1858.48000000,0.08670000,1855.94000000,0.38410000
1855.91000000,0.12770000,1688967688672,1857.36000000,0.00270000,1855.94000000,0.38410000
1857.36000000,0.00230000,1688967689652,1857.36000000,0.00040000,1855.94000000,0.38410000
1857.36000000,0.00270000,1688967690226,1858.24000000,0.08670000,1855.94000000,0.07370000
1857.36000000,0.00270000,1688967691747,1858.24000000,0.08670000,1855.96000000,0.00270000
1857.36000000,0.00270000,1688967692349,1858.24000000,0.08670000,1855.96000000,0.46640000
1857.36000000,0.00270000,1688967694071,1858.24000000,0.08670000,1855.96000000,0.51640000
1857.36000000,0.00270000,1688967694177,1858.24000000,0.08670000,1855.96000000,0.51640000
1857.36000000,0.00270000,1688967696071,1858.24000000,0.08670000,1855.96000000,0.02640000
1857.36000000,0.00270000,1688967698313,1858.24000000,0.08670000,1855.97000000,0.36320000
1857.36000000,0.00270000,1688967698873,1858.24000000,0.08670000,1855.99000000,0.02370000
1857.36000000,0.00270000,1688967700274,1858.24000000,0.08670000,1855.99000000,0.07370000
1857.36000000,0.00270000,1688967700778,1858.24000000,0.08670000,1856.01000000,0.02370000
1857.36000000,0.00270000,1688967720317,1858.23000000,0.44750000,1856.01000000,0.02370000
1857.36000000,0.00270000,1688967720887,1858.23000000,0.64750000,1856.08000000,0.02370000
1858.22000000,0.00090000,1688967722191,1858.22000000,0.28580000,1856.08000000,0.02370000
1858.22000000,0.00090000,1688967723318,1858.21000000,0.10730000,1856.09000000,0.35230000
1858.22000000,0.00090000,1688967724293,1858.21000000,0.10730000,1856.11000000,0.07370000
1858.22000000,0.00090000,1688967724392,1858.21000000,0.10730000,1856.11000000,0.02370000
1858.22000000,0.00090000,1688967726329,1858.21000000,0.10730000,1856.12000000,0.44030000
1858.22000000,0.00090000,1688967726735,1858.21000000,0.10730000,1856.14000000,0.02370000
1858.22000000,0.00090000,1688967728198,1858.21000000,0.10730000,1856.14000000,0.02370000
1858.22000000,0.00090000,1688967728894,1858.21000000,0.10730000,1856.14000000,0.50990000
1858.22000000,0.00090000,1688967730315,1858.19000000,0.19190000,1856.14000000,0.02370000
1858.22000000,0.00090000,1688967730737,1858.18000000,0.08670000,1856.14000000,0.02370000
1858.22000000,0.00090000,1688967732098,1858.18000000,0.08670000,1856.14000000,0.02370000
1858.22000000,0.00090000,1688967733896,1858.18000000,0.08670000,1856.14000000,0.43480000
1858.22000000,0.00090000,1688967740246,1858.19000000,0.19190000,1856.14000000,0.43480000
1858.22000000,0.00090000,1688967740624,1858.19000000,0.19190000,1856.19000000,0.41640000
1858.22000000,0.00090000,1688967742211,1858.19000000,0.19190000,1856.19000000,0.53050000
1858.22000000,0.00090000,1688967742906,1858.19000000,0.19190000,1856.19000000,0.49130000
1858.22000000,0.00090000,1688967744237,1858.19000000,0.19190000,1856.19000000,0.62760000
1858.22000000,0.00090000,1688967745006,1858.19000000,0.19190000,1856.22000000,0.02370000
1858.22000000,0.00090000,1688967746203,1858.19000000,0.19190000,1856.26000000,0.42830000
1858.22000000,0.00090000,1688967747234,1858.19000000,0.19190000,1856.27000000,0.63310000
1858.22000000,0.00090000,1688967748208,1858.19000000,0.19190000,1856.30000000,0.40660000
1858.19000000,0.10950000,1688967749232,1858.19000000,0.08240000,1856.32000000,0.56030000
1858.19000000,0.10950000,1688967750211,1858.19000000,0.08240000,1856.36000000,0.05000000
1858.21000000,0.02700000,1688967751285,1858.21000000,0.08030000,1856.38000000,0.13310000
1858.22000000,0.02910000,1688967752197,1858.23000000,0.34740000,1856.42000000,0.47660000
1858.22000000,0.02910000,1688967753719,1858.22000000,0.32150000,1856.42000000,0.47660000
1858.22000000,0.02910000,1688967754393,1858.22000000,0.20000000,1856.42000000,0.50690000
1858.22000000,0.02910000,1688967756005,1858.22000000,0.20000000,1856.43000000,0.08000000
1858.22000000,0.02910000,1688967756460,1858.22000000,0.20000000,1856.44000000,0.02370000
1858.22000000,0.02910000,1688967759103,1858.21000000,0.12980000,1856.44000000,0.02370000
1858.22000000,0.02910000,1688967779179,1858.21000000,0.12980000,1856.45000000,14.28160000
1858.22000000,0.02910000,1688967779720,1858.21000000,0.12980000,1856.48000000,0.02370000
1858.22000000,0.02910000,1688967780598,1858.18000000,0.12160000,1856.48000000,0.02370000
1858.18000000,0.00090000,1688967782014,1858.18000000,0.32070000,1856.48000000,0.02370000
1858.18000000,0.03760000,1688967786839,1858.18000000,0.28400000,1856.48000000,0.02370000
1858.18000000,0.03760000,1688967793121,1858.18000000,0.28400000,1856.48000000,0.13700000
1858.18000000,0.03760000,1688967793573,1858.18000000,0.28400000,1856.52000000,0.02370000
1858.17000000,0.02420000,1688967795060,1858.15000000,0.08910000,1856.55000000,0.13700000
1858.15000000,0.00190000,1688967796050,1858.15000000,0.08720000,1856.57000000,0.10370000
1858.16000000,0.02610000,1688967797143,1858.17000000,0.37100000,1856.57000000,0.13700000
1858.16000000,0.13940000,1688967798140,1858.16000000,0.40820000,1856.62000000,0.02370000
1858.16000000,0.13940000,1688967798344,1858.15000000,0.58680000,1856.62000000,0.02370000
1858.16000000,0.13940000,1688967800017,1858.14000000,0.43400000,1856.62000000,0.02370000
1858.16000000,0.13940000,1688967800764,1858.14000000,0.43400000,1856.66000000,0.49400000
1858.16000000,0.13940000,1688967802141,1858.14000000,0.43400000,1856.68000000,0.50670000
1858.16000000,0.13940000,1688967802578,1858.14000000,0.43400000,1856.71000000,0.02370000
1858.16000000,0.13940000,1688967804020,1858.14000000,0.43400000,1856.71000000,0.13370000
1858.16000000,0.13940000,1688967804636,1858.14000000,0.43400000,1856.73000000,0.02370000
1858.16000000,0.13940000,1688967817329,1858.13000000,0.37820000,1856.73000000,0.02370000
1858.16000000,0.13940000,1688967818005,1858.12000000,0.43400000,1856.73000000,0.02370000
1858.12000000,0.00090000,1688967842177,1858.12000000,0.43310000,1856.73000000,0.02370000
1858.12000000,0.00090000,1688967846070,1858.12000000,0.43310000,1856.74000000,16.11410000
1858.12000000,0.00090000,1688967846664,1858.12000000,0.43310000,1856.80000000,0.02370000
1858.12000000,0.00090000,1688967848079,1858.10000000,0.43400000,1856.80000000,0.13370000
1858.12000000,0.00090000,1688967848227,1858.10000000,0.43400000,1856.80000000,0.02370000
1858.12000000,0.00090000,1688967850080,1858.10000000,0.43400000,1856.80000000,0.02370000
1858.12000000,0.00090000,1688967854201,1858.10000000,0.43400000,1856.80000000,0.39840000
1858.12000000,0.00090000,1688967854283,1858.10000000,0.43400000,1856.80000000,0.13370000
1858.10000000,0.33290000,1688967863575,1858.10000000,0.10110000,1856.80000000,0.13370000
1858.10000000,0.33290000,1688967864026,1858.11000000,0.66430000,1856.80000000,0.13370000
1858.10000000,0.33290000,1688967866014,1858.11000000,0.46430000,1856.80000000,0.13370000
1858.10000000,0.33290000,1688967866032,1858.11000000,0.66430000,1856.80000000,0.13370000
1858.10000000,0.33290000,1688967868014,1858.10000000,0.20000000,1856.80000000,0.13370000
1858.10000000,0.33290000,1688967870908,1858.10000000,0.20000000,1856.81000000,16.11350000
1858.10000000,0.33290000,1688967871196,1858.10000000,0.20000000,1856.84000000,0.02370000
1858.10000000,0.33290000,1688967874397,1858.42000000,0.08670000,1856.84000000,0.02370000
1858.10000000,0.33290000,1688967875328,1858.44000000,0.47260000,1856.84000000,0.41970000
1858.10000000,0.33290000,1688967876196,1858.44000000,0.67260000,1856.84000000,0.02370000
1858.10000000,0.33290000,1688967878011,1858.43000000,0.20000000,1856.84000000,0.02370000
1858.10000000,0.33290000,1688967878207,1858.43000000,0.20000000,1856.84000000,0.48800000
1858.10000000,0.33290000,1688967880008,1858.43000000,0.20000000,1856.84000000,0.68800000
1858.10000000,0.33290000,1688967880101,1858.43000000,0.20000000,1856.84000000,0.02370000
1858.10000000,0.33290000,1688967881445,1858.42000000,0.08670000,1856.84000000,0.02370000
1858.10000000,0.33290000,1688967882203,1858.42000000,0.08670000,1856.84000000,0.02370000
1858.10000000,0.33290000,1688967884244,1858.42000000,0.08670000,1856.84000000,0.40470000
1858.10000000,0.33290000,1688967884504,1858.42000000,0.08670000,1856.84000000,0.02370000
1858.10000000,0.33290000,1688967894312,1858.42000000,0.08670000,1856.84000000,0.22370000
1858.10000000,0.33290000,1688967894611,1858.42000000,0.08670000,1856.84000000,0.02370000
1858.10000000,0.33290000,1688967898128,1858.42000000,0.08670000,1856.84000000,0.42720000
1858.10000000,0.33290000,1688967898803,1858.42000000,0.08670000,1856.86000000,0.52350000
1858.10000000,0.33290000,1688967900114,1858.42000000,0.08670000,1856.87000000,0.02370000
1858.10000000,0.33290000,1688967901111,1858.42000000,0.08670000,1856.86000000,0.20000000
1858.10000000,0.33290000,1688967901416,1858.42000000,0.08670000,1856.49000000,0.02370000
1858.42000000,0.00090000,1688967902170,1858.42000000,0.08580000,1856.49000000,0.02370000
1858.42000000,0.00090000,1688967904330,1858.41000000,0.37090000,1856.49000000,0.02370000
1858.42000000,0.00090000,1688967904673,1858.40000000,0.08670000,1856.49000000,0.02370000
1858.42000000,0.00090000,1688967906120,1858.40000000,0.28670000,1856.49000000,0.02370000
1858.42000000,0.00090000,1688967907329,1858.39000000,0.11350000,1856.49000000,0.02370000
1858.42000000,0.00090000,1688967907552,1858.38000000,0.08670000,1856.49000000,0.02370000
1856.29000000,0.19750000,1688967922578,1858.38000000,0.08670000,1856.29000000,0.20940000
1856.29000000,0.19750000,1688967922700,1858.38000000,0.08670000,1856.37000000,0.02370000
1856.29000000,0.19750000,1688967924548,1858.37000000,0.64680000,1856.37000000,0.02370000
1856.29000000,0.19750000,1688967925000,1858.36000000,0.08670000,1856.37000000,0.02370000
1856.29000000,0.19750000,1688967926006,1858.36000000,0.28670000,1856.37000000,0.02370000
1858.36000000,0.11930000,1688967931042,1858.36000000,0.16740000,1856.37000000,0.02370000
1858.36000000,0.11930000,1688967932008,1858.36000000,0.20000000,1856.37000000,0.02370000
1858.36000000,0.11930000,1688967935339,1858.35000000,0.37890000,1856.37000000,0.02370000
1858.36000000,0.11930000,1688967935804,1858.33000000,0.08670000,1856.37000000,0.02370000
1858.33000000,0.00090000,1688967962557,1858.33000000,0.08580000,1856.37000000,0.02370000
1858.33000000,0.00090000,1688967996239,1858.33000000,0.08580000,1856.38000000,16.07390000
1858.33000000,0.00090000,1688967996387,1858.33000000,0.08580000,1856.39000000,0.53250000
1858.33000000,0.00090000,1688967998090,1858.32000000,0.63600000,1856.40000000,0.02370000
1858.33000000,0.00090000,1688967999079,1858.32000000,0.63600000,1856.41000000,0.48710000
1858.33000000,0.00090000,1688968000085,1858.32000000,0.63600000,1856.42000000,0.02370000
1858.33000000,0.00090000,1688968001335,1858.31000000,0.40420000,1856.42000000,0.02370000
1858.33000000,0.00090000,1688968002087,1858.30000000,0.20000000,1856.45000000,0.02370000
1858.33000000,0.00090000,1688968002523,1858.30000000,0.20000000,1856.45000000,0.02370000
1858.33000000,0.00090000,1688968004588,1858.30000000,0.20000000,1856.45000000,0.06370000
1858.33000000,0.00090000,1688968005328,1858.30000000,0.20000000,1856.45000000,0.02370000
1858.33000000,0.00090000,1688968006390,1858.30000000,0.20000000,1856.47000000,0.04000000
1858.33000000,0.00090000,1688968006648,1858.30000000,0.20000000,1856.48000000,0.02370000
1858.33000000,0.00090000,1688968013523,1858.30000000,0.20000000,1856.48000000,0.38990000
1858.33000000,0.00090000,1688968013597,1858.30000000,0.20000000,1856.48000000,0.06370000
1858.33000000,0.00090000,1688968020086,1858.30000000,0.20000000,1856.48000000,0.56370000
1858.33000000,0.00090000,1688968020701,1858.30000000,0.20000000,1856.53000000,0.02370000
1858.30000000,0.00090000,1688968022012,1858.31000000,0.60420000,1856.53000000,0.06370000
1858.30000000,0.00090000,1688968022102,1858.31000000,0.60420000,1856.53000000,0.02370000
1858.30000000,0.00090000,1688968024008,1858.30000000,0.20000000,1856.53000000,0.06370000
1858.30000000,0.00090000,1688968024478,1858.30000000,0.20000000,1856.53000000,0.02370000
1858.30000000,0.00090000,1688968026004,1858.30000000,0.20000000,1856.53000000,0.06370000
1856.53000000,0.00540000,1688968026655,1858.30000000,0.20000000,1856.55000000,0.02370000
1856.53000000,0.00540000,1688968028906,1858.30000000,0.20000000,1856.55000000,0.06370000
1856.53000000,0.00540000,1688968029457,1858.30000000,0.20000000,1856.57000000,0.02370000
1856.53000000,0.00540000,1688968030107,1858.30000000,0.20000000,1856.57000000,0.02370000
1856.57000000,0.00540000,1688968058294,1858.30000000,0.20000000,1856.57000000,0.01830000
1856.57000000,0.00540000,1688968066179,1858.30000000,0.20000000,1856.58000000,16.07630000
1856.57000000,0.00540000,1688968066438,1858.35000000,0.61720000,1856.60000000,0.02370000
1856.57000000,0.00540000,1688968068042,1858.35000000,0.61720000,1856.61000000,0.04000000
1856.57000000,0.00540000,1688968068578,1858.34000000,0.34800000,1856.62000000,0.02370000
1856.57000000,0.00540000,1688968070035,1858.33000000,0.20000000,1856.62000000,0.39530000
1858.33000000,0.00090000,1688968082193,1858.33000000,0.19910000,1856.62000000,0.39530000
1858.33000000,0.00090000,1688968082350,1858.34000000,0.54800000,1856.62000000,0.39530000
1858.33000000,0.00090000,1688968084060,1858.33000000,0.59110000,1856.62000000,0.39530000
1858.33000000,0.00090000,1688968086004,1858.33000000,0.39110000,1856.62000000,0.39530000
1858.33000000,0.00090000,1688968086021,1858.33000000,0.59110000,1856.62000000,0.39530000
1858.33000000,0.00090000,1688968088016,1858.32000000,0.20000000,1856.62000000,0.39530000
1858.33000000,0.00090000,1688968088435,1858.33000000,0.59110000,1856.65000000,0.02370000
1858.33000000,0.00090000,1688968090020,1858.33000000,0.59110000,1856.65000000,0.02370000
1858.33000000,0.00090000,1688968092004,1858.33000000,0.59110000,1856.65000000,0.06370000
1858.33000000,0.00090000,1688968092149,1858.33000000,0.59110000,1856.65000000,0.02370000
1858.33000000,0.00090000,1688968093938,1858.33000000,0.59110000,1856.67000000,0.02370000
1858.33000000,0.00090000,1688968094052,1858.33000000,0.59110000,1856.67000000,0.02370000
1858.33000000,0.00090000,1688968096058,1858.33000000,0.39110000,1856.67000000,0.02370000
1858.33000000,0.00090000,1688968096071,1858.33000000,0.59110000,1856.67000000,0.02370000
1858.33000000,0.00090000,1688968098021,1858.33000000,0.59110000,1856.67000000,0.02370000
1858.33000000,0.00090000,1688968100030,1858.33000000,0.39110000,1856.67000000,0.02370000
1858.33000000,0.00090000,1688968100050,1858.33000000,0.59110000,1856.67000000,0.02370000
1858.33000000,0.00090000,1688968102023,1858.33000000,0.59110000,1856.67000000,0.02370000
1858.33000000,0.00090000,1688968104022,1858.33000000,0.39110000,1856.67000000,0.02370000
1858.33000000,0.00090000,1688968104046,1858.33000000,0.59110000,1856.67000000,0.02370000
1858.33000000,0.00090000,1688968106024,1858.33000000,0.59110000,1856.67000000,0.02370000
1858.33000000,0.00090000,1688968108007,1858.33000000,0.39110000,1856.67000000,0.02370000
1858.33000000,0.00090000,1688968108024,1858.33000000,0.59110000,1856.67000000,0.02370000
1858.33000000,0.00090000,1688968110010,1858.33000000,0.59110000,1856.68000000,16.07540000
1858.33000000,0.00090000,1688968110243,1858.33000000,0.59110000,1856.70000000,0.02370000
1858.33000000,0.00090000,1688968112048,1858.32000000,0.20000000,1856.70000000,0.02370000
1858.33000000,0.00090000,1688968112665,1858.32000000,0.20000000,1856.70000000,0.02370000
1858.33000000,0.00090000,1688968114009,1858.32000000,0.20000000,1856.70000000,0.06370000
1858.33000000,0.00090000,1688968114628,1858.32000000,0.20000000,1856.70000000,0.40660000
1858.33000000,0.00090000,1688968132273,1858.32000000,0.20000000,1856.70000000,0.02370000
1858.33000000,0.00090000,1688968133344,1858.32000000,0.64780000,1856.70000000,0.02370000
1858.33000000,0.00090000,1688968134224,1858.31000000,0.57860000,1856.73000000,0.02370000
1858.33000000,0.00090000,1688968136005,1858.31000000,0.37860000,1856.73000000,0.02370000
1858.33000000,0.00090000,1688968136054,1858.31000000,0.57860000,1856.73000000,0.02370000
1858.33000000,0.00090000,1688968138004,1858.30000000,0.58320000,1856.73000000,0.02370000
1858.33000000,0.00090000,1688968138097,1858.30000000,0.58320000,1856.73000000,0.02370000
1858.33000000,0.00090000,1688968140021,1858.30000000,0.38320000,1856.73000000,0.02370000
1858.33000000,0.00090000,1688968140344,1858.29000000,0.09490000,1856.73000000,0.02370000
1858.29000000,0.00090000,1688968142004,1858.29000000,0.29400000,1856.73000000,0.02370000
1858.29000000,0.00090000,1688968143343,1858.28000000,0.48290000,1856.73000000,0.02370000
1858.29000000,0.00090000,1688968143487,1858.27000000,0.20000000,1856.73000000,0.02370000
1858.29000000,0.00090000,1688968183742,1858.27000000,0.20000000,1856.74000000,16.07440000
1858.29000000,0.00090000,1688968184516,1858.27000000,0.20000000,1856.76000000,0.02370000
1858.29000000,0.00090000,1688968186017,1858.27000000,0.20000000,1856.76000000,0.06370000
1858.29000000,0.00090000,1688968186417,1858.27000000,0.20000000,1856.76000000,0.02370000
1858.29000000,0.00090000,1688968188118,1858.27000000,0.20000000,1856.76000000,0.06370000
1858.29000000,0.00090000,1688968188519,1858.27000000,0.20000000,1856.76000000,0.02370000
1858.29000000,0.00090000,1688968190621,1858.27000000,0.20000000,1856.76000000,0.06370000
1858.29000000,0.00090000,1688968191020,1858.27000000,0.20000000,1856.76000000,0.02370000
1858.29000000,0.00090000,1688968192121,1858.27000000,0.20000000,1856.78000000,0.04000000
1858.29000000,0.00090000,1688968192948,1858.27000000,0.20000000,1856.79000000,0.02370000
1858.29000000,0.00090000,1688968194901,1858.26000000,0.08670000,1856.79000000,0.02370000
1858.29000000,0.00090000,1688968195364,1858.25000000,0.38590000,1856.79000000,0.02370000
1858.29000000,0.00090000,1688968196195,1858.24000000,0.08670000,1856.79000000,0.02370000
1858.29000000,0.00090000,1688968198006,1858.24000000,0.28670000,1856.79000000,0.02370000
1858.29000000,0.00090000,1688968198582,1858.22000000,0.08670000,1856.79000000,0.02370000
1858.29000000,0.00090000,1688968200009,1858.22000000,0.28670000,1856.79000000,0.02370000
1858.22000000,0.00090000,1688968202003,1858.22000000,0.28580000,1856.79000000,0.02370000
1858.22000000,0.00090000,1688968235673,1858.22000000,0.90950000,1856.79000000,0.02370000
1858.22000000,0.00090000,1688968236116,1858.19000000,0.08670000,1856.79000000,0.02370000
1858.22000000,0.00090000,1688968256421,1858.19000000,1.36360000,1856.79000000,0.02370000
1858.22000000,0.00090000,1688968256928,1858.17000000,0.08670000,1856.79000000,0.02370000
1856.74000000,0.74240000,1688968258370,1858.16000000,0.20000000,1856.74000000,15.33200000
1856.74000000,0.74240000,1688968258863,1858.15000000,0.08670000,1856.75000000,0.37250000
1856.74000000,0.90440000,1688968260370,1858.14000000,0.60210000,1856.74000000,14.42760000
1856.74000000,0.87350000,1688968261365,1858.11000000,0.44110000,1856.74000000,13.55410000
1858.11000000,0.00090000,1688968262353,1858.11000000,0.64020000,1856.75000000,0.55180000
1856.75000000,0.30370000,1688968263162,1858.11000000,0.64020000,1856.75000000,0.24810000
1856.75000000,0.30370000,1688968264278,1858.10000000,0.08670000,1856.75000000,0.24810000
1856.75000000,0.30370000,1688968266004,1858.10000000,0.28670000,1856.75000000,0.24810000
1856.75000000,0.30370000,1688968270037,1858.10000000,0.28670000,1856.74000000,13.55410000
1856.75000000,0.30370000,1688968270062,1858.10000000,0.28670000,1856.75000000,0.50040000
1856.75000000,0.30370000,1688968273483,1858.10000000,0.20000000,1856.75000000,0.50040000
1856.75000000,0.30370000,1688968289524,1858.10000000,0.20000000,1856.75000000,0.68380000
1856.75000000,0.30370000,1688968290277,1858.10000000,0.20000000,1856.75000000,0.18340000
1856.75000000,0.30370000,1688968292424,1858.10000000,0.20000000,1855.96000000,0.46670000
1858.10000000,0.18340000,1688968293010,1858.11000000,0.64020000,1855.98000000,0.66060000
1858.10000000,0.18340000,1688968294368,1858.09000000,0.20000000,1855.98000000,0.21370000
1858.10000000,0.18340000,1688968295107,1858.09000000,0.20000000,1855.98000000,0.63410000
1858.10000000,0.18340000,1688968296401,1858.09000000,0.20000000,1855.98000000,0.21370000
1858.10000000,0.18340000,1688968296528,1858.09000000,0.20000000,1855.98000000,0.71290000
1858.10000000,0.18340000,1688968298425,1858.09000000,0.20000000,1855.98000000,0.21370000
1858.10000000,0.18340000,1688968298579,1858.09000000,0.20000000,1855.98000000,0.68780000
1858.10000000,0.18340000,1688968300423,1858.09000000,0.20000000,1855.99000000,0.19000000
1858.10000000,0.18340000,1688968300831,1858.08000000,0.08670000,1855.99000000,0.02370000
1858.10000000,0.18340000,1688968302207,1858.08000000,0.08670000,1856.02000000,0.43830000
1858.10000000,0.18340000,1688968302553,1858.08000000,0.08670000,1856.03000000,0.02370000
1858.10000000,0.18340000,1688968320358,1858.08000000,0.49370000,1856.03000000,0.02370000
1858.10000000,0.18340000,1688968320358,1858.07000000,0.45840000,1856.03000000,0.02370000
1858.07000000,0.00090000,1688968322273,1858.07000000,0.65750000,1856.06000000,0.02370000
1858.07000000,0.00090000,1688968322907,1858.06000000,0.51890000,1856.06000000,0.02370000
1858.07000000,0.00090000,1688968324357,1858.04000000,0.08720000,1856.06000000,0.50680000
1858.07000000,0.00090000,1688968326015,1858.04000000,0.08720000,1856.07000000,0.19000000
1858.07000000,0.00090000,1688968326415,1858.04000000,0.08720000,1856.06000000,0.02370000
1858.07000000,0.00090000,1688968328017,1858.04000000,0.08720000,1856.06000000,0.21370000
1858.07000000,0.00090000,1688968328432,1858.04000000,0.08720000,1856.06000000,0.53560000
1858.07000000,0.00090000,1688968330006,1858.04000000,0.08720000,1856.07000000,0.19000000
1858.07000000,0.00090000,1688968330558,1858.04000000,0.08720000,1856.06000000,0.58700000
1858.07000000,0.00090000,1688968332073,1858.04000000,0.08720000,1856.07000000,0.19000000
1858.07000000,0.00090000,1688968332520,1858.04000000,0.08720000,1856.06000000,0.02370000
1858.07000000,0.00090000,1688968334021,1858.04000000,0.08720000,1856.06000000,0.21370000
1858.07000000,0.00090000,1688968334421,1858.04000000,0.08720000,1856.06000000,0.02370000
1858.07000000,0.00090000,1688968336030,1858.04000000,0.08720000,1856.06000000,0.21370000
1858.07000000,0.00090000,1688968336124,1858.04000000,0.08720000,1856.06000000,0.02370000
1858.07000000,0.00090000,1688968338024,1858.04000000,0.08720000,1856.06000000,0.21370000
1858.07000000,0.00090000,1688968338444,1858.04000000,0.08720000,1856.06000000,0.02370000
1858.07000000,0.00090000,1688968340085,1858.04000000,0.08720000,1856.06000000,0.49470000
1858.07000000,0.00090000,1688968340225,1858.04000000,0.08720000,1856.06000000,0.02370000
1858.07000000,0.00090000,1688968342091,1858.04000000,0.08720000,1856.08000000,0.43000000
1858.07000000,0.00090000,1688968342727,1858.04000000,0.08720000,1856.09000000,0.02370000
1858.07000000,0.00090000,1688968344004,1858.04000000,0.08720000,1856.10000000,0.19000000
1858.07000000,0.00090000,1688968344195,1858.04000000,0.08720000,1856.12000000,0.02370000
1858.07000000,0.00090000,1688968346131,1858.03000000,0.08670000,1856.13000000,0.68760000
1858.07000000,0.00090000,1688968346531,1858.03000000,0.08670000,1856.09000000,0.02370000
1858.07000000,0.00090000,1688968348131,1858.03000000,0.08670000,1856.09000000,0.02370000
1858.07000000,0.00090000,1688968348834,1858.03000000,0.08670000,1856.12000000,0.02370000
1858.07000000,0.00090000,1688968350139,1858.03000000,0.08670000,1856.13000000,0.45580000
1858.07000000,0.00090000,1688968350519,1858.03000000,0.08670000,1856.12000000,0.02370000
1858.07000000,0.00090000,1688968355230,1858.03000000,0.08670000,1856.12000000,0.47380000
1858.07000000,0.00090000,1688968356189,1858.03000000,0.08670000,1856.12000000,0.42830000
1858.07000000,0.00090000,1688968356338,1858.03000000,0.08670000,1856.12000000,0.02370000
1858.07000000,0.00090000,1688968358158,1858.03000000,0.08670000,1856.12000000,0.48890000
1858.07000000,0.00090000,1688968358369,1858.03000000,0.08670000,1856.12000000,0.02370000
1858.07000000,0.00090000,1688968364374,1858.03000000,0.08670000,1856.11000000,0.19000000
1858.07000000,0.00090000,1688968364643,1857.90000000,0.28670000,1856.11000000,0.19000000
1858.07000000,0.00090000,1688968365452,1857.90000000,0.28670000,1855.96000000,0.00270000
1857.90000000,0.00090000,1688968382155,1857.90000000,0.28580000,1855.96000000,0.00270000
1857.90000000,0.00090000,1688968399050,1857.89000000,22.76500000,1855.96000000,0.00270000
1857.90000000,0.00090000,1688968399560,1857.85000000,0.08670000,1855.96000000,0.00270000
1857.90000000,0.00090000,1688968402362,1857.85000000,0.48110000,1855.96000000,0.00270000
1857.90000000,0.00090000,1688968402850,1857.83000000,0.08670000,1855.96000000,0.00270000
1857.90000000,0.00090000,1688968404364,1857.82000000,0.32360000,1855.96000000,0.00270000
1857.90000000,0.00090000,1688968404808,1857.81000000,0.08670000,1855.96000000,0.00270000
1857.90000000,0.00090000,1688968406072,1857.81000000,0.28670000,1855.96000000,0.00270000
1857.90000000,0.00090000,1688968424499,1857.80000000,26.08560000,1855.96000000,0.00270000
1857.90000000,0.00090000,1688968424651,1857.79000000,0.08670000,1855.96000000,0.00270000
1857.90000000,0.00090000,1688968426022,1857.79000000,0.28670000,1855.96000000,0.00270000
1857.90000000,0.00090000,1688968440602,1857.76000000,0.50000000,1855.96000000,0.00270000
1857.90000000,0.00090000,1688968440698,1857.75000000,0.28670000,1855.96000000,0.00270000
1857.75000000,0.00090000,1688968441774,1857.75000000,0.28580000,1855.96000000,0.00270000
1857.75000000,0.00090000,1688968443456,1857.58000000,0.08670000,1855.96000000,0.00270000
1857.60000000,0.18900000,1688968447616,1857.60000000,0.96100000,1855.96000000,0.00270000
1857.60000000,0.18900000,1688968447702,1857.57000000,0.20000000,1855.96000000,0.00270000
1857.57000000,0.00270000,1688968449900,1857.57000000,0.19730000,1855.96000000,0.00270000
1857.57000000,0.00270000,1688968449957,1857.57000000,0.20000000,1855.96000000,0.00270000
1857.57000000,0.00270000,1688968454365,1857.56000000,0.28810000,1855.96000000,0.00270000
1857.57000000,0.00270000,1688968459410,1857.56000000,0.48810000,1855.96000000,0.00270000
1857.57000000,0.00270000,1688968467366,1857.55000000,0.39810000,1855.96000000,0.00270000
1857.57000000,0.00270000,1688968467516,1857.54000000,0.20000000,1855.96000000,0.00270000
1857.57000000,0.00270000,1688968472078,1857.53000000,25.23940000,1855.96000000,0.00270000
1857.57000000,0.00270000,1688968472384,1857.50000000,0.28300000,1855.96000000,0.00270000
1857.57000000,0.00270000,1688968491443,1857.42000000,0.50000000,1855.96000000,0.00270000
1857.57000000,0.00270000,1688968491532,1857.41000000,0.20000000,1855.96000000,0.00270000
1857.57000000,0.00270000,1688968493735,1857.50000000,0.28300000,1855.96000000,0.00270000
1857.50000000,0.00090000,1688968501848,1857.50000000,0.28210000,1855.96000000,0.00270000
1857.50000000,0.00090000,1688968507714,1857.49000000,24.33680000,1855.96000000,0.00270000
1857.50000000,0.00090000,1688968507745,1857.48000000,0.20000000,1855.96000000,0.00270000
1857.50000000,0.00090000,1688968511369,1857.47000000,0.25320000,1855.96000000,0.00270000
1857.50000000,0.00090000,1688968513396,1857.47000000,0.75320000,1855.96000000,0.00270000
1857.50000000,0.00090000,1688968514011,1857.46000000,0.20000000,1855.96000000,0.00270000
1857.50000000,0.00090000,1688968529371,1857.45000000,0.42330000,1855.96000000,0.00270000
1857.50000000,0.00090000,1688968529561,1857.42000000,0.20000000,1855.96000000,0.00270000
1857.50000000,0.00090000,1688968532373,1857.41000000,0.37560000,1855.96000000,0.00270000
1857.50000000,0.00090000,1688968532560,1857.40000000,0.20000000,1855.96000000,0.00270000
1857.50000000,0.00090000,1688968545380,1857.39000000,0.40420000,1855.96000000,0.00270000
1857.50000000,0.00090000,1688968545579,1857.38000000,0.20000000,1855.96000000,0.00270000
1857.50000000,0.00090000,1688968550384,1857.37000000,0.22640000,1855.96000000,0.00270000
1857.50000000,0.00090000,1688968550475,1857.35000000,0.20000000,1855.96000000,0.00270000
1857.35000000,0.00090000,1688968561849,1857.35000000,0.19910000,1855.96000000,0.00270000
1857.35000000,0.00090000,1688968561921,1857.35000000,0.20000000,1855.96000000,0.00270000
1857.35000000,0.00090000,1688968572375,1857.34000000,0.37490000,1855.96000000,0.00270000
1857.35000000,0.00090000,1688968572494,1857.32000000,26.08560000,1855.96000000,0.00270000
1857.35000000,0.00090000,1688968574006,1857.30000000,0.20000000,1855.96000000,0.00270000
1857.35000000,0.00090000,1688968577384,1857.29000000,0.43960000,1855.96000000,0.00270000
1857.35000000,0.00090000,1688968577493,1857.28000000,0.20000000,1855.96000000,0.00270000
1857.35000000,0.00090000,1688968582219,1857.27000000,0.50000000,1855.96000000,0.00270000
1855.96000000,0.00270000,1688968582411,1857.25000000,0.22650000,1855.78000000,0.02830000
1855.96000000,0.00270000,1688968599850,1857.24000000,26.08560000,1855.78000000,0.02830000
1855.96000000,0.00270000,1688968599911,1857.23000000,0.20000000,1855.78000000,0.02830000
1855.78000000,0.02830000,1688968601680,1857.23000000,0.20000000,1855.78000000,0.00540000
1855.78000000,0.03370000,1688968602812,1857.19000000,0.20000000,1855.09000000,0.01780000
1855.78000000,0.03370000,1688968603041,1857.14000000,0.50000000,1855.09000000,0.01780000
1855.78000000,0.03370000,1688968604006,1857.13000000,0.20000000,1855.09000000,0.01780000
1855.78000000,0.03370000,1688968611961,1857.12000000,11.77530000,1855.09000000,0.01780000
1855.78000000,0.03370000,1688968612519,1857.02000000,0.20000000,1855.09000000,0.01780000
1855.78000000,0.03370000,1688968622218,1857.01000000,24.71220000,1855.09000000,0.01780000
1857.00000000,0.00090000,1688968623041,1857.00000000,0.20000000,1855.09000000,0.01780000
1857.00000000,0.00090000,1688968643338,1857.03000000,11.77530000,1855.09000000,0.01780000
1857.00000000,0.00090000,1688968643439,1857.01000000,0.20000000,1855.09000000,0.01780000
1857.00000000,0.00090000,1688968654383,1857.00000000,0.43070000,1855.09000000,0.01780000
1857.00000000,0.00090000,1688968654553,1857.00000000,0.63070000,1855.09000000,0.01780000
1857.00000000,0.00090000,1688968656036,1856.99000000,0.20000000,1855.09000000,0.01780000
1857.00000000,0.00090000,1688968657386,1856.98000000,0.37870000,1855.09000000,0.01780000
1856.98000000,0.00100000,1688968658214,1856.98000000,0.57770000,1855.09000000,0.01780000
1856.98000000,0.00100000,1688968660023,1856.98000000,0.37770000,1855.09000000,0.01780000
1856.98000000,0.00100000,1688968660048,1856.98000000,0.57770000,1855.09000000,0.01780000
1856.98000000,0.00100000,1688968662007,1856.97000000,0.20000000,1855.09000000,0.01780000
1856.98000000,0.00100000,1688968662454,1856.96000000,0.56570000,1855.09000000,0.01780000
1856.98000000,0.00100000,1688968664010,1856.96000000,0.56570000,1855.09000000,0.01780000
1856.98000000,0.00100000,1688968666004,1856.96000000,0.36570000,1855.09000000,0.01780000
1856.98000000,0.00100000,1688968666437,1856.93000000,0.65000000,1855.09000000,0.01780000
1856.98000000,0.00100000,1688968668014,1856.92000000,0.20000000,1855.09000000,0.01780000
1856.92000000,0.00090000,1688968681687,1856.92000000,0.19910000,1855.09000000,0.01780000
1856.92000000,0.00090000,1688968681741,1856.92000000,0.20000000,1855.09000000,0.01780000
1856.92000000,0.00090000,1688968696723,1856.91000000,14.42350000,1855.09000000,0.01780000
1856.92000000,0.00090000,1688968697405,1856.56000000,0.65000000,1855.09000000,0.01780000
1856.55000000,0.00360000,1688968698278,1856.55000000,0.20000000,1855.09000000,0.01780000
1855.09000000,0.01780000,1688968699331,1856.54000000,0.20000000,1854.98000000,0.05380000
1855.09000000,0.01780000,1688968702496,1856.53000000,11.77530000,1854.98000000,0.05380000
1855.09000000,0.01780000,1688968703480,1856.51000000,0.62770000,1854.98000000,0.05380000
1855.09000000,0.01780000,1688968704018,1856.51000000,0.62770000,1854.98000000,0.05380000
1855.09000000,0.01780000,1688968706009,1856.50000000,0.20000000,1854.98000000,0.05380000
1854.98000000,0.05380000,1688968707049,1856.50000000,0.20000000,1854.90000000,0.08080000
1854.98000000,0.05380000,1688968709874,1856.49000000,11.77530000,1854.90000000,0.08080000
1854.90000000,0.08080000,1688968709988,1856.47000000,0.20000000,1854.85000000,0.00450000
1854.90000000,0.08080000,1688968716117,1856.46000000,11.77530000,1854.85000000,0.00450000
1854.90000000,0.08080000,1688968716191,1856.45000000,0.20000000,1854.85000000,0.00450000
1854.90000000,0.08080000,1688968717691,1856.41000000,0.20000000,1854.85000000,0.00450000
1854.90000000,0.08080000,1688968726414,1856.40000000,0.31920000,1854.85000000,0.00450000
1854.90000000,0.08080000,1688968726598,1856.39000000,0.20000000,1854.85000000,0.00450000
1856.39000000,0.00090000,1688968742868,1856.39000000,0.19910000,1854.85000000,0.00450000
1856.39000000,0.00090000,1688968742874,1856.40000000,0.31920000,1854.85000000,0.00450000
1856.39000000,0.00090000,1688968744310,1856.39000000,0.20000000,1854.85000000,0.00450000
1856.39000000,0.00090000,1688968759033,1856.38000000,11.77530000,1854.85000000,0.00450000
1854.85000000,0.00450000,1688968759572,1856.26000000,0.20000000,1854.85000000,0.00270000
1854.85000000,0.00720000,1688968760638,1856.25000000,0.66520000,1854.56000000,0.00270000
1854.85000000,0.00720000,1688968762005,1856.24000000,0.20000000,1854.56000000,0.00270000
1854.85000000,0.00720000,1688968771035,1856.23000000,11.77530000,1854.56000000,0.00270000
1854.85000000,0.00720000,1688968771129,1856.22000000,0.20000000,1854.56000000,0.00270000
1854.85000000,0.00720000,1688968774109,1856.21000000,11.77530000,1854.56000000,0.00270000
1854.85000000,0.00720000,1688968774130,1856.20000000,0.20000000,1854.56000000,0.00270000
1854.85000000,0.00720000,1688968776030,1856.19000000,0.62130000,1854.56000000,0.00270000
1854.85000000,0.00720000,1688968776389,1856.18000000,0.16880000,1854.56000000,0.00270000
1854.85000000,0.00720000,1688968778004,1856.18000000,0.36880000,1854.56000000,0.00270000
1854.85000000,0.00720000,1688968782132,1856.17000000,11.77530000,1854.56000000,0.00270000
1854.85000000,0.00720000,1688968782237,1856.16000000,0.20000000,1854.56000000,0.00270000
1854.85000000,0.00720000,1688968792388,1856.15000000,0.30540000,1854.56000000,0.00270000
1856.15000000,0.00160000,1688968793277,1856.15000000,0.50380000,1854.56000000,0.00270000
1856.15000000,0.00160000,1688968794010,1856.15000000,0.50380000,1854.56000000,0.00270000
1856.15000000,0.00160000,1688968796006,1856.15000000,0.30380000,1854.56000000,0.00270000
1856.15000000,0.00160000,1688968796020,1856.14000000,0.20000000,1854.56000000,0.00270000
1856.15000000,0.00160000,1688968800529,1856.13000000,11.77530000,1854.56000000,0.00270000
1856.00000000,0.00130000,1688968801332,1856.00000000,0.20000000,1854.29000000,0.00110000
1856.00000000,0.00130000,1688968801601,1855.96000000,0.00270000,1854.29000000,0.00110000
1855.96000000,0.00090000,1688968802889,1855.96000000,0.00180000,1854.29000000,0.00110000
1854.29000000,0.00110000,1688968810031,1855.96000000,0.00180000,1854.04000000,0.20000000
1854.29000000,0.00110000,1688968816351,1855.95000000,11.77530000,1854.04000000,0.20000000
